TRD, 3.173077, 173
TRD, 4.519231, 167
TRD, 5.519231, 154
TRD, 5.769231, 154
TRD, 6.211538, 154
TRD, 6.980769, 154
TRD, 7.596154, 153
TRD, 7.807692, 153
TRD, 8.076923, 154
TRD, 8.673077, 155
TRD, 9.000000, 153
TRD, 10.230769, 159
TRD, 12.211538, 152
TRD, 12.269231, 150
TRD, 12.557692, 155
TRD, 12.942308, 149
TRD, 13.442308, 157
TRD, 13.846154, 159
TRD, 13.961538, 159
TRD, 14.173077, 157
TRD, 14.403846, 157
TRD, 14.615385, 156
TRD, 14.923077, 154
TRD, 15.096154, 160
TRD, 16.711538, 158
TRD, 16.807692, 160
TRD, 17.423077, 156
TRD, 17.846154, 155
TRD, 17.865385, 164
TRD, 18.596154, 165
TRD, 18.980769, 154
TRD, 20.730769, 158
TRD, 21.096154, 157
TRD, 21.519231, 162
TRD, 21.653846, 165
TRD, 23.653846, 157
TRD, 24.038462, 162
TRD, 25.346154, 162
TRD, 25.653846, 163
TRD, 27.250000, 160
TRD, 27.634615, 163
TRD, 27.865385, 160
TRD, 28.096154, 161
TRD, 28.134615, 163
TRD, 29.923077, 160
TRD, 29.942308, 164
TRD, 30.000000, 165
TRD, 30.730769, 164
TRD, 31.500000, 164
TRD, 31.557692, 163
TRD, 32.961538, 166
TRD, 34.057692, 163
TRD, 34.423077, 164
TRD, 34.750000, 166
TRD, 35.730769, 164
TRD, 36.019231, 162
TRD, 36.826923, 163
TRD, 37.961538, 158
TRD, 38.557692, 160
TRD, 38.596154, 157
TRD, 39.903846, 157
TRD, 40.442308, 154
TRD, 40.557692, 158
TRD, 41.076923, 160
TRD, 41.769231, 155
TRD, 42.000000, 156
TRD, 42.153846, 158
TRD, 42.500000, 158
TRD, 43.096154, 157
TRD, 43.403846, 157
TRD, 44.326923, 156
TRD, 45.384615, 154
TRD, 45.442308, 159
TRD, 46.403846, 158
TRD, 46.730769, 158
TRD, 47.192308, 159
TRD, 47.711538, 156
TRD, 47.769231, 158
TRD, 48.019231, 158
TRD, 49.750000, 161
TRD, 51.134615, 159
TRD, 51.307692, 160
TRD, 53.250000, 160
TRD, 53.442308, 161
TRD, 54.865385, 161
TRD, 55.211538, 157
TRD, 55.692308, 157
TRD, 55.961538, 157
TRD, 56.500000, 161
TRD, 56.750000, 156
TRD, 56.884615, 155
TRD, 57.250000, 161
TRD, 57.288462, 154
TRD, 57.346154, 153
TRD, 58.038462, 152
TRD, 58.576923, 163
TRD, 59.173077, 162
TRD, 59.250000, 163
TRD, 59.826923, 153
TRD, 60.096154, 163
TRD, 60.807692, 164
TRD, 60.846154, 167
TRD, 61.576923, 172
TRD, 62.000000, 170
TRD, 62.961538, 164
TRD, 63.365385, 168
TRD, 63.615385, 174
TRD, 63.653846, 163
TRD, 64.576923, 160
TRD, 65.230769, 159
TRD, 66.615385, 165
TRD, 67.615385, 162
TRD, 68.596154, 159
TRD, 69.576923, 159
TRD, 70.096154, 158
TRD, 70.326923, 159
TRD, 70.480769, 161
TRD, 70.980769, 158
TRD, 71.711538, 158
TRD, 71.826923, 161
TRD, 71.846154, 157
TRD, 72.192308, 162
TRD, 72.461538, 158
TRD, 72.557692, 163
TRD, 75.307692, 162
TRD, 76.500000, 160
TRD, 76.750000, 158
TRD, 77.250000, 163
TRD, 77.980769, 166
TRD, 78.173077, 165
TRD, 78.615385, 167
TRD, 78.884615, 164
TRD, 78.961538, 159
TRD, 79.346154, 156
TRD, 80.250000, 159
TRD, 80.365385, 162
TRD, 81.326923, 156
TRD, 81.346154, 157
TRD, 82.115385, 157
TRD, 82.173077, 155
TRD, 82.461538, 155
TRD, 82.807692, 155
TRD, 83.826923, 155
TRD, 84.557692, 156
TRD, 85.038462, 155
TRD, 85.211538, 161
TRD, 86.346154, 163
TRD, 86.423077, 167
TRD, 86.557692, 157
TRD, 87.288462, 159
TRD, 87.788462, 167
TRD, 88.711538, 167
TRD, 89.096154, 166
TRD, 89.403846, 166
TRD, 89.442308, 165
TRD, 89.923077, 165
TRD, 90.192308, 164
TRD, 90.346154, 161
TRD, 91.076923, 166
TRD, 91.788462, 161
TRD, 91.826923, 166
TRD, 91.961538, 166
TRD, 92.846154, 160
TRD, 93.307692, 158
TRD, 93.942308, 163
TRD, 94.884615, 161
TRD, 95.038462, 162
TRD, 95.211538, 160
TRD, 95.230769, 162
TRD, 95.403846, 158
TRD, 96.230769, 164
TRD, 96.326923, 158
TRD, 96.538462, 157
TRD, 97.634615, 155
TRD, 97.980769, 154
TRD, 98.346154, 156
TRD, 98.384615, 158
TRD, 98.442308, 159
TRD, 98.673077, 152
TRD, 99.788462, 162
TRD, 101.211538, 154
TRD, 102.538462, 162
TRD, 103.326923, 160
TRD, 104.057692, 161
TRD, 104.346154, 161
TRD, 104.884615, 161
TRD, 106.153846, 160
TRD, 106.442308, 161
TRD, 107.192308, 160
TRD, 107.423077, 162
TRD, 107.500000, 162
TRD, 107.769231, 161
TRD, 107.807692, 157
TRD, 107.884615, 163
TRD, 108.038462, 165
TRD, 109.326923, 157
TRD, 109.653846, 156
TRD, 109.673077, 166
TRD, 110.442308, 164
TRD, 110.500000, 166
TRD, 110.846154, 162
TRD, 110.903846, 160
TRD, 111.519231, 162
TRD, 112.576923, 163
TRD, 112.826923, 164
TRD, 112.865385, 165
TRD, 113.557692, 173
TRD, 113.673077, 166
TRD, 113.807692, 173
TRD, 115.711538, 172
TRD, 117.250000, 163
TRD, 117.346154, 161
TRD, 118.076923, 162
TRD, 118.519231, 161
TRD, 118.769231, 162
TRD, 119.942308, 162
TRD, 120.480769, 160
TRD, 120.692308, 158
TRD, 120.711538, 158
TRD, 122.750000, 157
TRD, 123.173077, 160
TRD, 123.750000, 160
TRD, 123.826923, 164
TRD, 125.019231, 167
TRD, 125.326923, 158
TRD, 126.903846, 165
TRD, 127.788462, 159
TRD, 127.807692, 157
TRD, 128.230769, 156
TRD, 128.653846, 153
TRD, 128.750000, 154
TRD, 128.884615, 158
TRD, 129.538462, 157
TRD, 129.596154, 152
TRD, 130.403846, 154
TRD, 131.076923, 157
TRD, 132.173077, 151
TRD, 132.307692, 152
TRD, 132.500000, 158
TRD, 132.615385, 158
TRD, 133.788462, 151
TRD, 134.846154, 150
TRD, 134.865385, 151
TRD, 135.557692, 150
TRD, 135.653846, 153
TRD, 137.269231, 154
TRD, 137.961538, 152
TRD, 138.596154, 153
TRD, 138.615385, 150
TRD, 140.173077, 153
TRD, 140.942308, 159
TRD, 141.134615, 160
TRD, 141.173077, 156
TRD, 141.692308, 157
TRD, 142.826923, 158
TRD, 143.230769, 159
TRD, 145.019231, 159
TRD, 145.038462, 158
TRD, 145.057692, 158
TRD, 145.942308, 159
TRD, 146.134615, 159
TRD, 146.307692, 156
TRD, 148.192308, 155
TRD, 148.673077, 154
TRD, 149.250000, 154
TRD, 149.576923, 155
TRD, 149.615385, 156
TRD, 149.961538, 157
TRD, 150.596154, 157
TRD, 150.884615, 156
TRD, 151.038462, 161
TRD, 151.153846, 160
TRD, 152.307692, 162
TRD, 152.461538, 161
TRD, 152.596154, 160
TRD, 152.865385, 160
TRD, 153.865385, 163
TRD, 154.557692, 159
TRD, 154.596154, 164
TRD, 154.903846, 158
TRD, 155.096154, 152
TRD, 155.923077, 162
TRD, 157.307692, 158
TRD, 157.750000, 155
TRD, 157.903846, 159
TRD, 157.980769, 167
TRD, 158.615385, 156
TRD, 158.961538, 166
TRD, 159.807692, 168
TRD, 160.307692, 159
TRD, 160.730769, 156
TRD, 161.000000, 160
TRD, 161.807692, 156
TRD, 162.153846, 153
TRD, 162.538462, 155
TRD, 163.134615, 156
TRD, 163.384615, 156
TRD, 163.615385, 157
TRD, 164.365385, 158
TRD, 164.769231, 161
TRD, 165.461538, 154
TRD, 165.884615, 157
TRD, 166.461538, 156
TRD, 166.750000, 155
TRD, 166.980769, 156
TRD, 167.192308, 156
TRD, 168.942308, 156
TRD, 169.673077, 156
TRD, 170.750000, 155
TRD, 171.019231, 155
TRD, 172.076923, 154
TRD, 173.211538, 154
TRD, 173.923077, 153
TRD, 174.153846, 155
TRD, 175.019231, 155
TRD, 175.403846, 156
TRD, 176.807692, 161
TRD, 177.403846, 153
TRD, 177.769231, 150
TRD, 177.807692, 156
TRD, 178.134615, 159
TRD, 178.384615, 160
TRD, 179.192308, 161
TRD, 179.846154, 153
TRD, 180.788462, 159
TRD, 181.000000, 158
TRD, 182.000000, 161
TRD, 183.000000, 159
TRD, 183.153846, 158
TRD, 185.269231, 163
TRD, 185.307692, 162
TRD, 185.423077, 160
TRD, 186.173077, 164
TRD, 186.576923, 164
TRD, 187.057692, 163
TRD, 187.096154, 164
TRD, 187.865385, 161
TRD, 188.846154, 165
TRD, 189.788462, 161
TRD, 190.288462, 162
TRD, 190.807692, 165
TRD, 190.884615, 160
TRD, 191.942308, 164
TRD, 192.326923, 163
TRD, 192.576923, 163
TRD, 193.230769, 163
TRD, 193.557692, 164
TRD, 193.576923, 162
TRD, 194.000000, 161
TRD, 194.596154, 161
TRD, 196.096154, 160
TRD, 196.769231, 159
TRD, 196.961538, 162
TRD, 197.769231, 165
TRD, 198.423077, 166
TRD, 198.653846, 167
TRD, 198.903846, 167
TRD, 199.019231, 158
TRD, 199.538462, 158
TRD, 200.519231, 156
TRD, 201.019231, 155
TRD, 201.076923, 155
TRD, 201.673077, 162
TRD, 202.230769, 151
TRD, 202.576923, 150
TRD, 203.173077, 155
TRD, 203.384615, 154
TRD, 204.115385, 153
TRD, 204.134615, 156
TRD, 205.057692, 149
TRD, 205.326923, 151
TRD, 207.000000, 153
TRD, 207.153846, 151
TRD, 207.942308, 154
TRD, 208.480769, 158
TRD, 209.019231, 153
TRD, 209.480769, 157
TRD, 210.134615, 153
TRD, 210.923077, 157
TRD, 212.365385, 155
TRD, 212.846154, 157
TRD, 213.134615, 154
TRD, 214.057692, 157
TRD, 214.692308, 155
TRD, 215.038462, 156
TRD, 215.596154, 156
TRD, 215.673077, 156
TRD, 215.750000, 154
TRD, 216.596154, 156
TRD, 217.134615, 160
TRD, 217.788462, 156
TRD, 218.346154, 161
TRD, 218.423077, 160
TRD, 218.557692, 159
TRD, 218.750000, 155
TRD, 218.807692, 154
TRD, 219.173077, 152
TRD, 220.019231, 156
TRD, 220.153846, 153
TRD, 220.538462, 160
TRD, 220.653846, 152
TRD, 221.134615, 161
TRD, 222.115385, 160
TRD, 222.173077, 156
TRD, 223.211538, 155
TRD, 223.519231, 157
TRD, 223.596154, 158
TRD, 224.788462, 157
TRD, 225.480769, 167
TRD, 225.615385, 154
TRD, 225.980769, 167
TRD, 226.865385, 167
TRD, 227.192308, 161
TRD, 227.480769, 160
TRD, 228.269231, 165
TRD, 229.173077, 169
TRD, 229.673077, 162
TRD, 229.711538, 164
TRD, 229.769231, 166
TRD, 230.269231, 161
TRD, 230.961538, 170
TRD, 231.019231, 172
TRD, 231.115385, 163
TRD, 231.384615, 162
TRD, 233.192308, 164
TRD, 233.442308, 164
TRD, 233.711538, 168
TRD, 234.096154, 160
TRD, 234.346154, 160
TRD, 235.173077, 159
TRD, 236.307692, 162
TRD, 236.442308, 156
TRD, 237.326923, 157
TRD, 237.615385, 160
TRD, 238.769231, 156
TRD, 238.961538, 157
TRD, 239.346154, 157
TRD, 240.153846, 155
TRD, 240.307692, 155
TRD, 240.865385, 157
TRD, 242.461538, 158
TRD, 243.076923, 159
TRD, 243.942308, 156
TRD, 244.076923, 155
TRD, 244.538462, 156
TRD, 244.673077, 154
TRD, 244.826923, 153
TRD, 245.634615, 155
TRD, 245.903846, 157
TRD, 247.038462, 161
TRD, 248.000000, 160
TRD, 248.038462, 162
TRD, 248.538462, 159
TRD, 249.173077, 160
TRD, 249.211538, 161
TRD, 249.538462, 159
TRD, 250.019231, 161
TRD, 251.442308, 159
TRD, 251.788462, 159
TRD, 252.500000, 159
TRD, 252.519231, 162
TRD, 252.788462, 163
TRD, 253.346154, 157
TRD, 254.615385, 157
TRD, 254.634615, 162
TRD, 255.019231, 155
TRD, 255.884615, 160
TRD, 256.134615, 163
TRD, 256.288462, 157
TRD, 256.826923, 156
TRD, 257.269231, 164
TRD, 257.788462, 158
TRD, 258.500000, 165
TRD, 259.096154, 156
TRD, 259.961538, 161
TRD, 260.346154, 164
TRD, 261.673077, 160
TRD, 262.153846, 162
TRD, 262.442308, 162
TRD, 262.711538, 161
TRD, 263.153846, 161
TRD, 263.384615, 159
TRD, 264.788462, 159
TRD, 266.230769, 158
TRD, 266.769231, 156
TRD, 267.384615, 156
TRD, 268.173077, 154
TRD, 268.576923, 153
TRD, 269.923077, 149
TRD, 269.980769, 150
TRD, 270.538462, 150
TRD, 270.653846, 151
TRD, 270.884615, 152
TRD, 271.519231, 153
TRD, 272.153846, 152
TRD, 272.423077, 151
TRD, 273.153846, 157
TRD, 273.250000, 156
TRD, 273.557692, 158
TRD, 273.692308, 163
TRD, 273.711538, 151
TRD, 274.576923, 151
TRD, 274.634615, 169
TRD, 274.673077, 169
TRD, 275.096154, 171
TRD, 276.307692, 154
TRD, 276.711538, 153
TRD, 276.826923, 152
TRD, 277.807692, 153
TRD, 278.115385, 150
TRD, 278.423077, 153
TRD, 280.500000, 152
TRD, 281.884615, 154
TRD, 283.461538, 156
TRD, 283.807692, 156
TRD, 284.076923, 153
TRD, 284.307692, 157
TRD, 284.596154, 153
TRD, 285.153846, 152
TRD, 285.250000, 158
TRD, 285.500000, 152
TRD, 286.384615, 153
TRD, 287.115385, 156
TRD, 287.865385, 158
TRD, 288.461538, 157
TRD, 288.500000, 153
TRD, 289.903846, 157
TRD, 290.269231, 161
TRD, 290.615385, 160
TRD, 290.653846, 160
TRD, 290.865385, 155
TRD, 292.115385, 157
TRD, 292.230769, 158
TRD, 292.519231, 156
TRD, 292.846154, 156
TRD, 293.230769, 154
TRD, 293.307692, 161
TRD, 293.403846, 154
TRD, 293.769231, 153
TRD, 295.923077, 160
TRD, 297.019231, 161
TRD, 297.538462, 160
TRD, 298.269231, 158
TRD, 298.403846, 156
TRD, 298.538462, 155
TRD, 299.961538, 161
TRD, 300.461538, 162
TRD, 300.576923, 173
TRD, 300.673077, 160
TRD, 301.442308, 160
TRD, 301.788462, 161
TRD, 302.826923, 159
TRD, 303.711538, 162
TRD, 304.500000, 162
TRD, 305.807692, 162
TRD, 306.038462, 163
TRD, 307.230769, 160
TRD, 308.442308, 155
TRD, 308.576923, 156
TRD, 308.634615, 158
TRD, 308.653846, 154
TRD, 308.884615, 163
TRD, 310.480769, 159
TRD, 310.653846, 160
TRD, 311.038462, 164
TRD, 311.096154, 163
TRD, 311.211538, 162
TRD, 312.153846, 163
TRD, 312.653846, 161
TRD, 312.750000, 161
TRD, 312.807692, 160
TRD, 312.961538, 162
TRD, 313.115385, 162
TRD, 313.250000, 161
TRD, 313.365385, 160
TRD, 313.826923, 161
TRD, 314.403846, 159
TRD, 314.692308, 159
TRD, 314.884615, 159
TRD, 316.769231, 152
TRD, 317.076923, 155
TRD, 317.365385, 157
TRD, 317.942308, 159
TRD, 318.038462, 161
TRD, 319.250000, 151
TRD, 320.269231, 158
TRD, 320.788462, 160
TRD, 320.961538, 152
TRD, 321.211538, 157
TRD, 321.923077, 159
TRD, 322.211538, 153
TRD, 322.250000, 152
TRD, 323.269231, 152
TRD, 323.961538, 159
TRD, 324.057692, 152
TRD, 325.019231, 158
TRD, 325.288462, 161
TRD, 325.769231, 163
TRD, 326.903846, 163
TRD, 327.923077, 159
TRD, 328.500000, 163
TRD, 329.096154, 163
TRD, 329.211538, 164
TRD, 330.230769, 163
TRD, 330.942308, 163
TRD, 331.057692, 164
TRD, 331.134615, 159
TRD, 332.076923, 162
TRD, 332.326923, 161
TRD, 333.384615, 162
TRD, 333.865385, 161
TRD, 334.192308, 160
TRD, 335.173077, 161
TRD, 335.346154, 158
TRD, 335.750000, 156
TRD, 337.057692, 156
TRD, 337.096154, 157
TRD, 337.192308, 156
TRD, 337.519231, 159
TRD, 337.673077, 159
TRD, 337.750000, 160
TRD, 338.923077, 163
TRD, 339.423077, 160
TRD, 339.846154, 161
TRD, 341.000000, 164
TRD, 341.019231, 159
TRD, 341.173077, 166
TRD, 342.557692, 159
TRD, 343.038462, 154
TRD, 343.307692, 162
TRD, 343.557692, 164
TRD, 343.923077, 165
TRD, 346.557692, 158
TRD, 346.634615, 157
TRD, 346.980769, 154
TRD, 347.000000, 154
TRD, 347.384615, 153
TRD, 347.730769, 162
TRD, 348.980769, 157
TRD, 349.230769, 162
TRD, 349.346154, 156
TRD, 349.615385, 167
TRD, 349.826923, 156
TRD, 350.519231, 155
TRD, 350.711538, 165
TRD, 350.769231, 166
TRD, 351.403846, 158
TRD, 351.557692, 155
TRD, 352.500000, 161
TRD, 352.923077, 161
TRD, 354.192308, 159
TRD, 354.346154, 155
TRD, 354.365385, 154
TRD, 354.923077, 153
TRD, 355.192308, 164
TRD, 355.942308, 153
TRD, 356.615385, 153
TRD, 356.711538, 164
TRD, 357.750000, 155
TRD, 358.288462, 155
TRD, 359.807692, 160
TRD, 360.923077, 157
TRD, 361.115385, 158
TRD, 361.615385, 157
TRD, 361.673077, 159
TRD, 362.365385, 159
TRD, 362.653846, 159
TRD, 363.403846, 156
TRD, 363.884615, 156
TRD, 364.346154, 157
TRD, 366.250000, 163
TRD, 366.269231, 164
TRD, 366.307692, 165
TRD, 367.326923, 164
TRD, 367.826923, 164
TRD, 368.346154, 162
TRD, 368.423077, 158
TRD, 369.480769, 155
TRD, 370.115385, 157
TRD, 370.576923, 158
TRD, 370.980769, 157
TRD, 372.057692, 158
TRD, 372.096154, 161
TRD, 372.923077, 161
TRD, 374.192308, 166
TRD, 374.442308, 163
TRD, 375.153846, 159
TRD, 375.846154, 161
TRD, 376.500000, 159
TRD, 377.057692, 160
TRD, 377.923077, 161
TRD, 378.288462, 162
TRD, 378.365385, 159
TRD, 378.480769, 159
TRD, 378.500000, 164
TRD, 379.500000, 158
TRD, 379.634615, 165
TRD, 379.673077, 158
TRD, 380.942308, 162
TRD, 381.096154, 163
TRD, 381.423077, 158
TRD, 382.442308, 158
TRD, 383.711538, 159
TRD, 383.846154, 156
TRD, 384.557692, 156
TRD, 385.134615, 155
TRD, 385.346154, 160
TRD, 385.673077, 155
TRD, 385.769231, 154
TRD, 386.230769, 160
TRD, 386.673077, 164
TRD, 386.711538, 153
TRD, 387.038462, 154
TRD, 387.615385, 163
TRD, 388.923077, 162
TRD, 389.230769, 160
TRD, 390.346154, 161
TRD, 390.423077, 159
TRD, 390.865385, 159
TRD, 391.576923, 159
TRD, 392.153846, 158
TRD, 392.596154, 159
TRD, 392.788462, 158
TRD, 392.826923, 158
TRD, 394.057692, 160
TRD, 394.846154, 158
TRD, 394.961538, 157
TRD, 395.057692, 161
TRD, 395.653846, 163
TRD, 395.788462, 155
TRD, 396.557692, 164
TRD, 397.769231, 165
TRD, 398.538462, 165
TRD, 398.557692, 162
TRD, 400.769231, 163
TRD, 401.076923, 160
TRD, 401.500000, 160
TRD, 402.211538, 161
TRD, 402.269231, 161
TRD, 402.865385, 162
TRD, 404.250000, 157
TRD, 404.307692, 158
TRD, 405.250000, 160
TRD, 405.403846, 163
TRD, 405.788462, 163
TRD, 405.980769, 160
TRD, 406.211538, 157
TRD, 406.307692, 157
TRD, 406.961538, 158
TRD, 407.057692, 156
TRD, 408.307692, 157
TRD, 409.000000, 158
TRD, 409.576923, 159
TRD, 409.750000, 158
TRD, 410.134615, 157
TRD, 411.173077, 156
TRD, 411.423077, 159
TRD, 411.557692, 160
TRD, 411.634615, 155
TRD, 411.980769, 151
TRD, 412.288462, 161
TRD, 412.365385, 164
TRD, 412.653846, 168
TRD, 412.788462, 161
TRD, 413.788462, 160
TRD, 415.807692, 160
TRD, 415.865385, 159
TRD, 416.788462, 158
TRD, 418.000000, 158
TRD, 418.903846, 159
TRD, 419.019231, 159
TRD, 419.423077, 161
TRD, 421.076923, 159
TRD, 421.500000, 161
TRD, 421.673077, 163
TRD, 423.019231, 162
TRD, 424.250000, 161
TRD, 424.942308, 158
TRD, 425.442308, 160
TRD, 425.788462, 157
TRD, 426.750000, 158
TRD, 427.038462, 163
TRD, 427.076923, 162
TRD, 427.673077, 162
TRD, 427.807692, 162
TRD, 427.884615, 160
TRD, 427.903846, 163
TRD, 428.000000, 164
TRD, 428.250000, 157
TRD, 428.923077, 158
TRD, 429.019231, 157
TRD, 429.423077, 163
TRD, 429.480769, 164
TRD, 429.884615, 159
TRD, 430.346154, 157
TRD, 430.615385, 158
TRD, 430.730769, 151
TRD, 431.807692, 159
TRD, 432.076923, 158
TRD, 432.615385, 162
TRD, 433.711538, 154
TRD, 433.884615, 161
TRD, 434.865385, 158
TRD, 434.903846, 160
TRD, 435.923077, 162
TRD, 436.057692, 159
TRD, 436.211538, 158
TRD, 436.288462, 162
TRD, 436.519231, 156
TRD, 436.865385, 163
TRD, 437.500000, 156
TRD, 440.038462, 159
TRD, 440.096154, 167
TRD, 440.692308, 163
TRD, 441.173077, 158
TRD, 442.057692, 159
TRD, 442.423077, 164
TRD, 443.730769, 161
TRD, 444.346154, 165
TRD, 444.711538, 164
TRD, 445.980769, 162
TRD, 446.500000, 160
TRD, 446.576923, 160
TRD, 446.692308, 160
TRD, 447.423077, 157
TRD, 448.326923, 155
TRD, 448.788462, 157
TRD, 449.115385, 160
TRD, 449.596154, 158
TRD, 450.057692, 156
TRD, 451.134615, 158
TRD, 452.096154, 161
TRD, 452.346154, 161
TRD, 453.519231, 160
TRD, 453.557692, 159
TRD, 453.769231, 161
TRD, 454.480769, 159
TRD, 454.903846, 163
TRD, 455.269231, 158
TRD, 455.500000, 163
TRD, 455.980769, 157
TRD, 456.269231, 157
TRD, 456.923077, 158
TRD, 457.538462, 156
TRD, 457.596154, 155
TRD, 457.846154, 158
TRD, 458.211538, 155
TRD, 458.461538, 159
TRD, 459.038462, 156
TRD, 459.500000, 156
TRD, 461.884615, 158
TRD, 462.615385, 157
TRD, 463.903846, 158
TRD, 464.903846, 162
TRD, 465.192308, 162
TRD, 465.211538, 159
TRD, 465.557692, 165
TRD, 466.653846, 161
TRD, 467.903846, 159
TRD, 467.961538, 161
TRD, 468.288462, 158
TRD, 469.019231, 162
TRD, 469.307692, 161
TRD, 469.576923, 162
TRD, 471.115385, 162
TRD, 472.153846, 161
TRD, 472.846154, 160
TRD, 472.942308, 160
TRD, 473.173077, 161
TRD, 473.269231, 161
TRD, 473.288462, 162
TRD, 473.769231, 162
TRD, 474.173077, 160
TRD, 474.480769, 162
TRD, 475.038462, 162
TRD, 475.423077, 162
TRD, 475.961538, 161
TRD, 476.096154, 160
TRD, 476.807692, 163
TRD, 478.038462, 164
TRD, 478.461538, 163
TRD, 478.500000, 157
TRD, 479.942308, 154
TRD, 480.711538, 163
TRD, 480.769231, 154
TRD, 480.980769, 153
TRD, 481.480769, 153
TRD, 481.846154, 151
TRD, 482.057692, 161
TRD, 482.423077, 162
TRD, 483.153846, 150
TRD, 484.230769, 159
TRD, 484.596154, 150
TRD, 484.730769, 163
TRD, 485.461538, 161
TRD, 485.596154, 163
TRD, 486.884615, 162
TRD, 487.461538, 154
TRD, 487.730769, 154
TRD, 488.846154, 159
TRD, 489.096154, 164
TRD, 489.384615, 161
TRD, 489.942308, 163
TRD, 491.519231, 164
TRD, 492.480769, 162
TRD, 492.942308, 161
TRD, 494.615385, 161
TRD, 494.788462, 157
TRD, 494.826923, 162
TRD, 495.788462, 163
TRD, 496.076923, 163
TRD, 496.596154, 158
TRD, 497.019231, 156
TRD, 497.153846, 159
TRD, 498.134615, 162
TRD, 499.461538, 162
TRD, 500.057692, 159
TRD, 500.442308, 158
TRD, 500.596154, 162
TRD, 500.615385, 162
TRD, 500.653846, 163
TRD, 500.692308, 164
TRD, 501.230769, 163
TRD, 503.288462, 157
TRD, 503.788462, 159
TRD, 504.326923, 164
TRD, 505.307692, 162
TRD, 505.576923, 163
TRD, 505.711538, 160
TRD, 506.442308, 162
TRD, 506.519231, 161
TRD, 508.211538, 158
TRD, 508.538462, 158
TRD, 508.788462, 157
TRD, 509.269231, 155
TRD, 510.500000, 157
TRD, 510.769231, 158
TRD, 510.942308, 157
TRD, 513.423077, 160
TRD, 513.538462, 160
TRD, 514.384615, 160
TRD, 514.673077, 160
TRD, 515.307692, 162
TRD, 515.423077, 163
TRD, 515.807692, 162
TRD, 517.326923, 163
TRD, 517.673077, 167
TRD, 518.673077, 162
TRD, 518.923077, 164
TRD, 519.384615, 162
TRD, 519.596154, 161
TRD, 519.634615, 161
TRD, 519.961538, 156
TRD, 520.500000, 165
TRD, 521.423077, 164
TRD, 521.461538, 161
TRD, 522.173077, 160
TRD, 522.423077, 165
TRD, 522.596154, 160
TRD, 524.057692, 162
TRD, 524.673077, 163
TRD, 525.250000, 160
TRD, 525.750000, 161
TRD, 526.000000, 158
TRD, 527.096154, 157
TRD, 528.461538, 157
TRD, 528.500000, 166
TRD, 528.596154, 167
TRD, 529.000000, 155
TRD, 529.269231, 154
TRD, 529.346154, 159
TRD, 529.807692, 165
TRD, 529.961538, 152
TRD, 531.692308, 153
TRD, 532.134615, 160
TRD, 533.000000, 156
TRD, 533.576923, 157
TRD, 533.769231, 157
TRD, 533.903846, 158
TRD, 534.519231, 156
TRD, 535.326923, 157
TRD, 536.096154, 157
TRD, 536.769231, 161
TRD, 537.653846, 155
TRD, 538.192308, 156
TRD, 538.384615, 160
TRD, 538.653846, 154
TRD, 539.750000, 163
TRD, 539.961538, 154
TRD, 540.788462, 157
TRD, 541.115385, 160
TRD, 541.346154, 164
TRD, 541.769231, 156
TRD, 542.000000, 153
TRD, 542.076923, 157
TRD, 542.134615, 166
TRD, 543.403846, 162
TRD, 544.192308, 164
TRD, 544.961538, 164
TRD, 545.096154, 163
TRD, 545.461538, 163
TRD, 545.730769, 162
TRD, 546.326923, 164
TRD, 546.461538, 164
TRD, 548.211538, 162
TRD, 548.288462, 163
TRD, 548.461538, 161
TRD, 551.192308, 161
TRD, 551.634615, 162
TRD, 553.115385, 163
TRD, 553.807692, 164
TRD, 553.942308, 162
TRD, 554.442308, 161
TRD, 554.596154, 162
TRD, 554.615385, 164
TRD, 554.711538, 161
TRD, 555.346154, 163
TRD, 556.211538, 162
TRD, 556.769231, 161
TRD, 557.865385, 160
TRD, 558.211538, 158
TRD, 559.230769, 161
TRD, 560.730769, 161
TRD, 560.923077, 158
TRD, 561.634615, 157
TRD, 562.653846, 160
TRD, 562.769231, 161
TRD, 563.000000, 163
TRD, 563.019231, 168
TRD, 563.480769, 167
TRD, 563.923077, 165
TRD, 564.423077, 164
TRD, 564.519231, 160
TRD, 564.576923, 155
TRD, 564.788462, 158
TRD, 564.826923, 154
TRD, 565.942308, 159
TRD, 566.519231, 163
TRD, 566.980769, 151
TRD, 567.000000, 163
TRD, 567.634615, 152
TRD, 567.788462, 166
TRD, 567.865385, 140
TRD, 568.653846, 156
TRD, 570.480769, 157
TRD, 570.807692, 157
TRD, 570.884615, 156
TRD, 571.038462, 151
TRD, 571.615385, 157
TRD, 572.961538, 160
TRD, 573.596154, 164
TRD, 573.826923, 155
TRD, 574.923077, 152
TRD, 576.326923, 154
TRD, 576.500000, 155
TRD, 576.615385, 158
TRD, 576.634615, 154
TRD, 577.769231, 155
TRD, 578.038462, 159
TRD, 578.788462, 154
TRD, 578.942308, 157
TRD, 579.019231, 152
TRD, 579.634615, 154
TRD, 580.115385, 155
TRD, 580.461538, 155
TRD, 581.153846, 155
TRD, 581.538462, 154
TRD, 582.730769, 154
TRD, 582.769231, 155
TRD, 582.884615, 155
TRD, 584.692308, 156
TRD, 584.846154, 164
TRD, 586.615385, 158
TRD, 586.653846, 163
TRD, 587.230769, 161
TRD, 587.365385, 159
TRD, 587.500000, 159
TRD, 587.576923, 157
TRD, 587.826923, 153
TRD, 588.173077, 159
TRD, 588.519231, 157
TRD, 589.134615, 161
TRD, 589.153846, 161
TRD, 591.038462, 160
TRD, 591.538462, 155
TRD, 591.884615, 160
TRD, 592.442308, 160
TRD, 592.538462, 161
TRD, 592.980769, 164
TRD, 593.269231, 157
TRD, 594.038462, 152
TRD, 596.096154, 158
TRD, 597.288462, 161
TRD, 597.769231, 160
TRD, 598.365385, 158
TRD, 599.596154, 161
TRD, 599.750000, 162
TRD, 600.384615, 162
TRD, 601.057692, 161
TRD, 601.576923, 163
TRD, 601.711538, 160
TRD, 602.884615, 160
TRD, 603.461538, 160
TRD, 604.134615, 160
TRD, 604.826923, 160
TRD, 605.153846, 160
TRD, 605.942308, 159
TRD, 606.615385, 158
TRD, 607.019231, 159
TRD, 607.096154, 157
TRD, 607.442308, 159
TRD, 607.980769, 158
TRD, 608.000000, 154
TRD, 608.826923, 158
TRD, 609.269231, 156
TRD, 609.480769, 155
TRD, 610.115385, 155
TRD, 610.192308, 154
TRD, 610.557692, 153
TRD, 610.596154, 154
TRD, 611.384615, 156
TRD, 611.403846, 156
TRD, 612.634615, 156
TRD, 612.903846, 158
TRD, 613.038462, 160
TRD, 613.480769, 154
TRD, 614.076923, 154
TRD, 614.173077, 159
TRD, 614.403846, 159
TRD, 615.480769, 158
TRD, 616.788462, 156
TRD, 616.865385, 160
TRD, 619.230769, 161
TRD, 619.826923, 156
TRD, 620.557692, 155
TRD, 621.384615, 155
TRD, 621.538462, 154
TRD, 622.096154, 156
TRD, 622.673077, 159
TRD, 623.384615, 154
TRD, 623.403846, 153
TRD, 624.288462, 158
TRD, 625.326923, 160
TRD, 625.403846, 159
TRD, 626.346154, 158
TRD, 626.519231, 159
TRD, 627.096154, 161
TRD, 627.634615, 162
TRD, 628.384615, 160
TRD, 628.423077, 159
TRD, 628.653846, 159
TRD, 629.019231, 159
TRD, 630.596154, 160
TRD, 631.250000, 158
TRD, 631.480769, 160
TRD, 632.019231, 159
TRD, 632.346154, 159
TRD, 632.788462, 158
TRD, 633.326923, 160
TRD, 634.057692, 162
TRD, 634.615385, 158
TRD, 634.903846, 157
TRD, 635.807692, 160
TRD, 636.000000, 160
TRD, 636.480769, 160
TRD, 637.250000, 161
TRD, 637.384615, 161
TRD, 637.461538, 156
TRD, 637.711538, 156
TRD, 638.769231, 159
TRD, 640.192308, 159
TRD, 640.269231, 161
TRD, 640.519231, 162
TRD, 640.903846, 158
TRD, 641.211538, 167
TRD, 641.942308, 157
TRD, 642.000000, 161
TRD, 642.384615, 156
TRD, 642.980769, 161
TRD, 643.903846, 162
TRD, 644.730769, 162
TRD, 645.192308, 163
TRD, 646.365385, 165
TRD, 646.634615, 158
TRD, 648.134615, 159
TRD, 648.230769, 157
TRD, 648.250000, 156
TRD, 648.788462, 156
TRD, 650.134615, 158
TRD, 650.269231, 157
TRD, 651.230769, 156
TRD, 651.461538, 154
TRD, 652.134615, 156
TRD, 652.326923, 158
TRD, 652.692308, 154
TRD, 653.288462, 158
TRD, 653.480769, 153
TRD, 654.500000, 158
TRD, 654.846154, 154
TRD, 654.923077, 153
TRD, 654.961538, 153
TRD, 655.250000, 160
TRD, 655.519231, 153
TRD, 655.596154, 153
TRD, 655.807692, 165
TRD, 656.538462, 165
TRD, 656.884615, 158
TRD, 657.423077, 166
TRD, 658.115385, 162
TRD, 658.403846, 159
TRD, 658.615385, 158
TRD, 659.000000, 158
TRD, 659.903846, 152
TRD, 660.211538, 154
TRD, 660.769231, 156
TRD, 661.423077, 146
TRD, 661.442308, 146
TRD, 662.538462, 162
TRD, 662.730769, 160
TRD, 664.442308, 166
TRD, 664.480769, 168
TRD, 665.173077, 163
TRD, 666.153846, 164
TRD, 666.384615, 159
TRD, 666.519231, 165
TRD, 666.807692, 154
TRD, 666.884615, 169
TRD, 667.865385, 156
TRD, 668.826923, 167
TRD, 669.096154, 166
TRD, 669.692308, 165
TRD, 669.711538, 165
TRD, 669.788462, 165
TRD, 670.384615, 163
TRD, 670.423077, 162
TRD, 671.730769, 163
TRD, 671.865385, 161
TRD, 672.788462, 160
TRD, 672.865385, 161
TRD, 673.442308, 161
TRD, 673.826923, 155
TRD, 675.346154, 157
TRD, 675.557692, 156
TRD, 675.653846, 159
TRD, 675.923077, 159
TRD, 676.115385, 155
TRD, 676.288462, 160
TRD, 676.307692, 155
TRD, 676.826923, 155
TRD, 678.480769, 155
TRD, 678.557692, 163
TRD, 679.442308, 163
TRD, 679.500000, 164
TRD, 681.826923, 162
TRD, 682.711538, 162
TRD, 683.250000, 162
TRD, 683.326923, 161
TRD, 683.884615, 161
TRD, 684.000000, 161
TRD, 684.384615, 162
TRD, 684.480769, 164
TRD, 684.615385, 160
TRD, 684.865385, 156
TRD, 685.865385, 155
TRD, 685.961538, 162
TRD, 686.461538, 166
TRD, 688.211538, 159
TRD, 688.500000, 157
TRD, 689.826923, 156
TRD, 690.038462, 154
TRD, 690.596154, 158
TRD, 691.442308, 157
TRD, 691.961538, 155
TRD, 692.076923, 159
TRD, 693.057692, 158
TRD, 693.403846, 159
TRD, 693.730769, 156
TRD, 693.865385, 161
TRD, 694.307692, 155
TRD, 695.326923, 162
TRD, 695.846154, 163
TRD, 695.980769, 157
TRD, 696.423077, 158
TRD, 696.500000, 163
TRD, 696.653846, 157
TRD, 696.826923, 166
TRD, 699.173077, 162
TRD, 700.038462, 160
TRD, 700.192308, 162
TRD, 700.326923, 160
TRD, 701.076923, 161
TRD, 701.346154, 160
TRD, 702.173077, 157
TRD, 702.211538, 157
TRD, 702.269231, 161
TRD, 702.576923, 162
TRD, 703.076923, 164
TRD, 703.480769, 166
TRD, 704.442308, 164
TRD, 705.711538, 159
TRD, 705.750000, 160
TRD, 706.596154, 164
TRD, 706.865385, 161
TRD, 706.903846, 166
TRD, 707.019231, 165
TRD, 707.692308, 162
TRD, 708.365385, 162
TRD, 709.903846, 160
TRD, 710.711538, 159
TRD, 710.730769, 160
TRD, 710.807692, 158
TRD, 710.884615, 155
TRD, 712.365385, 157
TRD, 712.423077, 155
TRD, 713.211538, 158
TRD, 713.307692, 156
TRD, 713.365385, 159
TRD, 713.423077, 155
TRD, 715.076923, 156
TRD, 715.096154, 168
TRD, 715.538462, 155
TRD, 716.000000, 155
TRD, 716.134615, 169
TRD, 717.211538, 155
TRD, 717.596154, 158
TRD, 717.730769, 151
TRD, 718.903846, 159
TRD, 718.923077, 161
TRD, 719.461538, 165
TRD, 719.750000, 176
TRD, 720.326923, 164
TRD, 720.365385, 160
TRD, 720.884615, 158
TRD, 721.307692, 158
TRD, 721.903846, 164
TRD, 722.384615, 158
TRD, 722.461538, 158
TRD, 723.807692, 159
TRD, 724.384615, 158
TRD, 724.730769, 159
TRD, 725.173077, 159
TRD, 725.865385, 159
TRD, 726.730769, 165
TRD, 727.057692, 158
TRD, 727.423077, 158
TRD, 727.884615, 158
TRD, 728.730769, 158
TRD, 729.692308, 164
TRD, 730.153846, 164
TRD, 730.557692, 164
TRD, 730.711538, 165
TRD, 732.153846, 164
TRD, 732.403846, 165
TRD, 732.596154, 165
TRD, 733.057692, 162
TRD, 734.076923, 161
TRD, 734.692308, 161
TRD, 735.153846, 162
TRD, 735.211538, 164
TRD, 736.423077, 163
TRD, 736.884615, 163
TRD, 736.903846, 162
TRD, 737.230769, 162
TRD, 739.538462, 163
TRD, 740.211538, 165
TRD, 740.711538, 162
TRD, 741.288462, 159
TRD, 741.788462, 165
TRD, 742.057692, 164
TRD, 742.269231, 158
TRD, 742.846154, 159
TRD, 743.403846, 158
TRD, 743.442308, 158
TRD, 744.192308, 159
TRD, 744.903846, 161
TRD, 745.711538, 161
TRD, 746.346154, 161
TRD, 746.673077, 159
TRD, 747.538462, 160
TRD, 748.288462, 160
TRD, 748.769231, 159
TRD, 748.980769, 160
TRD, 750.057692, 162
TRD, 750.538462, 161
TRD, 751.346154, 162
TRD, 751.461538, 164
TRD, 752.442308, 160
TRD, 752.769231, 164
TRD, 753.038462, 161
TRD, 756.596154, 161
TRD, 756.846154, 160
TRD, 757.846154, 162
TRD, 758.461538, 162
TRD, 758.634615, 164
TRD, 759.288462, 165
TRD, 760.269231, 161
TRD, 761.134615, 160
TRD, 761.230769, 160
TRD, 761.634615, 161
TRD, 762.057692, 160
TRD, 762.557692, 159
TRD, 762.788462, 159
TRD, 763.000000, 162
TRD, 763.115385, 157
TRD, 763.250000, 163
TRD, 763.730769, 156
TRD, 763.846154, 156
TRD, 763.961538, 155
TRD, 765.807692, 159
TRD, 766.134615, 156
TRD, 766.192308, 160
TRD, 766.557692, 160
TRD, 766.730769, 162
TRD, 766.903846, 159
TRD, 766.980769, 163
TRD, 767.807692, 155
TRD, 768.173077, 152
TRD, 768.192308, 151
TRD, 768.211538, 150
TRD, 768.288462, 150
TRD, 768.634615, 163
TRD, 769.115385, 149
TRD, 769.269231, 163
TRD, 769.980769, 151
TRD, 770.346154, 157
TRD, 771.961538, 156
TRD, 771.980769, 152
TRD, 772.173077, 157
TRD, 772.673077, 149
TRD, 774.615385, 159
TRD, 775.807692, 157
TRD, 776.519231, 152
TRD, 777.134615, 157
TRD, 778.173077, 154
TRD, 778.846154, 154
TRD, 780.423077, 155
TRD, 780.673077, 158
TRD, 780.865385, 156
TRD, 782.192308, 157
TRD, 782.250000, 158
TRD, 782.384615, 159
TRD, 782.480769, 155
TRD, 782.769231, 155
TRD, 782.903846, 154
TRD, 782.942308, 161
TRD, 782.961538, 154
TRD, 783.961538, 153
TRD, 784.153846, 166
TRD, 784.326923, 153
TRD, 784.557692, 165
TRD, 785.000000, 153
TRD, 786.038462, 157
TRD, 786.442308, 157
TRD, 788.115385, 153
TRD, 788.980769, 154
TRD, 789.173077, 157
TRD, 790.461538, 157
TRD, 790.826923, 161
TRD, 793.153846, 161
TRD, 793.923077, 160
TRD, 794.403846, 161
TRD, 794.461538, 163
TRD, 794.865385, 163
TRD, 795.615385, 163
TRD, 795.730769, 162
TRD, 795.750000, 164
TRD, 796.288462, 166
TRD, 796.461538, 162
TRD, 796.942308, 161
TRD, 797.038462, 161
TRD, 797.730769, 155
TRD, 798.019231, 166
TRD, 798.557692, 162
TRD, 798.576923, 154
TRD, 799.596154, 155
TRD, 801.250000, 160
TRD, 801.884615, 159
TRD, 802.134615, 156
TRD, 802.519231, 160
TRD, 804.500000, 159
TRD, 804.903846, 160
TRD, 805.442308, 154
TRD, 805.538462, 160
TRD, 806.250000, 153
TRD, 807.576923, 150
TRD, 808.942308, 157
TRD, 809.000000, 158
TRD, 809.750000, 157
TRD, 809.923077, 154
TRD, 810.134615, 153
TRD, 810.903846, 157
TRD, 811.153846, 156
TRD, 811.461538, 159
TRD, 811.807692, 160
TRD, 812.403846, 157
TRD, 812.480769, 163
TRD, 813.096154, 164
TRD, 813.365385, 158
TRD, 813.884615, 164
TRD, 814.153846, 157
TRD, 814.980769, 164
TRD, 815.519231, 157
TRD, 815.807692, 161
TRD, 817.250000, 156
TRD, 817.346154, 156
TRD, 817.500000, 155
TRD, 817.673077, 158
TRD, 819.076923, 153
TRD, 819.211538, 156
TRD, 819.288462, 157
TRD, 819.365385, 158
TRD, 819.788462, 155
TRD, 820.307692, 158
TRD, 820.480769, 157
TRD, 820.596154, 154
TRD, 820.807692, 154
TRD, 822.442308, 154
TRD, 823.153846, 153
TRD, 823.211538, 156
TRD, 823.711538, 160
TRD, 823.923077, 152
TRD, 824.519231, 154
TRD, 825.269231, 153
TRD, 825.788462, 159
TRD, 826.192308, 157
TRD, 826.307692, 160
TRD, 827.634615, 158
TRD, 827.750000, 156
TRD, 827.884615, 149
TRD, 829.288462, 147
TRD, 829.730769, 162
TRD, 829.903846, 159
TRD, 830.480769, 154
TRD, 831.000000, 163
TRD, 831.153846, 164
TRD, 832.692308, 158
TRD, 833.826923, 159
TRD, 833.942308, 156
TRD, 834.038462, 156
TRD, 834.326923, 156
TRD, 834.730769, 155
TRD, 835.057692, 157
TRD, 835.288462, 159
TRD, 836.250000, 156
TRD, 836.423077, 159
TRD, 836.461538, 159
TRD, 836.634615, 153
TRD, 837.019231, 167
TRD, 838.153846, 166
TRD, 838.653846, 166
TRD, 839.461538, 162
TRD, 840.153846, 161
TRD, 840.519231, 163
TRD, 841.250000, 164
TRD, 841.903846, 163
TRD, 842.153846, 161
TRD, 842.192308, 156
TRD, 843.153846, 155
TRD, 843.269231, 156
TRD, 843.961538, 155
TRD, 844.288462, 158
TRD, 845.019231, 158
TRD, 845.346154, 157
TRD, 845.442308, 158
TRD, 846.288462, 156
TRD, 846.326923, 154
TRD, 846.769231, 158
TRD, 846.846154, 163
TRD, 847.096154, 155
TRD, 847.384615, 154
TRD, 847.403846, 154
TRD, 848.538462, 159
TRD, 849.442308, 160
TRD, 849.596154, 164
TRD, 850.653846, 157
TRD, 852.288462, 155
TRD, 852.500000, 155
TRD, 852.596154, 158
TRD, 853.038462, 156
TRD, 853.192308, 161
TRD, 854.000000, 155
TRD, 855.038462, 159
TRD, 855.788462, 158
TRD, 856.192308, 159
TRD, 856.365385, 155
TRD, 856.442308, 152
TRD, 857.615385, 159
TRD, 857.711538, 159
TRD, 858.346154, 162
TRD, 858.884615, 165
TRD, 859.480769, 162
TRD, 860.115385, 162
TRD, 861.480769, 165
TRD, 863.096154, 161
TRD, 863.615385, 159
TRD, 864.269231, 158
TRD, 864.461538, 156
TRD, 864.615385, 155
TRD, 864.807692, 158
TRD, 864.942308, 160
TRD, 865.846154, 159
TRD, 866.403846, 157
TRD, 866.923077, 158
TRD, 867.307692, 156
TRD, 867.538462, 155
TRD, 867.692308, 158
TRD, 869.173077, 158
TRD, 869.423077, 155
TRD, 869.903846, 158
TRD, 869.942308, 154
TRD, 870.326923, 154
TRD, 870.692308, 157
TRD, 871.326923, 161
TRD, 871.557692, 153
TRD, 871.692308, 162
TRD, 871.980769, 152
TRD, 873.057692, 163
TRD, 873.230769, 165
TRD, 874.980769, 155
TRD, 875.019231, 156
TRD, 875.403846, 154
TRD, 875.692308, 150
TRD, 875.750000, 149
TRD, 875.903846, 148
TRD, 875.980769, 148
TRD, 876.153846, 157
TRD, 876.230769, 162
TRD, 876.346154, 165
TRD, 881.000000, 160
TRD, 882.000000, 159
TRD, 882.788462, 161
TRD, 883.250000, 163
TRD, 884.442308, 163
TRD, 884.730769, 162
TRD, 885.173077, 159
TRD, 885.980769, 161
TRD, 886.461538, 161
TRD, 886.615385, 161
TRD, 887.846154, 161
TRD, 888.019231, 160
TRD, 888.230769, 159
TRD, 888.730769, 161
TRD, 888.788462, 163
TRD, 890.076923, 163
TRD, 890.134615, 161
TRD, 890.500000, 164
TRD, 890.538462, 161
TRD, 892.000000, 162
TRD, 892.076923, 164
TRD, 892.230769, 161
TRD, 893.326923, 162
TRD, 893.461538, 165
TRD, 893.538462, 169
TRD, 893.750000, 162
TRD, 894.192308, 163
TRD, 894.365385, 163
TRD, 895.538462, 173
TRD, 896.211538, 172
TRD, 897.576923, 167
TRD, 897.826923, 166
TRD, 898.403846, 170
TRD, 898.634615, 165
TRD, 900.307692, 164
TRD, 901.769231, 160
TRD, 901.807692, 164
TRD, 901.980769, 163
TRD, 902.230769, 163
TRD, 902.692308, 158
TRD, 902.769231, 158
TRD, 903.557692, 162
TRD, 903.653846, 162
TRD, 903.711538, 161
TRD, 903.942308, 159
TRD, 904.288462, 159
TRD, 907.019231, 158
TRD, 907.403846, 160
TRD, 908.000000, 167
TRD, 908.173077, 157
TRD, 908.807692, 168
TRD, 908.942308, 168
TRD, 909.615385, 167
TRD, 910.846154, 159
TRD, 911.230769, 160
TRD, 911.769231, 159
TRD, 912.500000, 158
TRD, 912.884615, 160
TRD, 912.961538, 161
TRD, 913.019231, 160
TRD, 913.846154, 160
TRD, 913.942308, 159
TRD, 914.673077, 161
TRD, 914.846154, 162
TRD, 915.019231, 159
TRD, 915.269231, 162
TRD, 915.365385, 163
TRD, 915.538462, 159
TRD, 915.923077, 159
TRD, 916.711538, 158
TRD, 917.057692, 158
TRD, 917.346154, 158
TRD, 917.826923, 156
TRD, 918.557692, 157
TRD, 918.634615, 155
TRD, 918.865385, 159
TRD, 919.788462, 156
TRD, 919.903846, 160
TRD, 920.596154, 161
TRD, 921.269231, 155
TRD, 922.634615, 153
TRD, 922.903846, 156
TRD, 923.134615, 148
TRD, 924.096154, 151
TRD, 924.538462, 151
TRD, 925.000000, 153
TRD, 925.692308, 157
TRD, 925.923077, 158
TRD, 927.576923, 159
TRD, 927.596154, 161
TRD, 929.038462, 162
TRD, 930.384615, 156
TRD, 930.461538, 161
TRD, 930.480769, 154
TRD, 931.346154, 153
TRD, 931.461538, 154
TRD, 931.884615, 161
TRD, 932.307692, 156
TRD, 932.557692, 155
TRD, 933.153846, 157
TRD, 933.230769, 155
TRD, 933.365385, 161
TRD, 933.384615, 153
TRD, 933.442308, 161
TRD, 934.769231, 155
TRD, 935.230769, 154
TRD, 936.403846, 162
TRD, 937.288462, 161
TRD, 937.961538, 162
TRD, 937.980769, 163
TRD, 938.134615, 159
TRD, 939.500000, 160
TRD, 940.596154, 160
TRD, 941.192308, 159
TRD, 941.403846, 159
TRD, 941.538462, 161
TRD, 942.173077, 158
TRD, 942.480769, 166
TRD, 942.557692, 155
TRD, 942.807692, 166
TRD, 944.038462, 160
TRD, 944.326923, 163
TRD, 944.923077, 160
TRD, 945.807692, 160
TRD, 945.942308, 159
TRD, 946.115385, 159
TRD, 946.461538, 160
TRD, 946.846154, 160
TRD, 947.192308, 158
TRD, 947.288462, 163
TRD, 947.500000, 165
TRD, 947.692308, 163
TRD, 948.423077, 157
TRD, 950.615385, 161
TRD, 951.865385, 161
TRD, 951.980769, 160
TRD, 952.192308, 162
TRD, 953.442308, 164
TRD, 953.634615, 160
TRD, 955.096154, 160
TRD, 955.788462, 163
TRD, 956.442308, 164
TRD, 956.942308, 164
TRD, 957.423077, 163
TRD, 957.615385, 160
TRD, 958.115385, 159
TRD, 958.596154, 159
TRD, 958.826923, 163
TRD, 960.519231, 165
TRD, 961.576923, 165
TRD, 961.692308, 164
TRD, 963.750000, 163
TRD, 963.961538, 162
TRD, 964.519231, 164
TRD, 964.884615, 163
TRD, 964.942308, 164
TRD, 965.634615, 163
TRD, 966.576923, 164
TRD, 966.673077, 161
TRD, 967.326923, 162
TRD, 967.365385, 164
TRD, 967.442308, 164
TRD, 967.711538, 160
TRD, 968.519231, 165
TRD, 968.730769, 163
TRD, 969.346154, 160
TRD, 970.673077, 157
TRD, 971.134615, 156
TRD, 972.403846, 159
TRD, 972.461538, 156
TRD, 972.519231, 155
TRD, 973.192308, 162
TRD, 973.288462, 158
TRD, 973.365385, 156
TRD, 973.884615, 152
TRD, 974.019231, 153
TRD, 974.211538, 165
TRD, 975.211538, 156
TRD, 975.250000, 153
TRD, 976.192308, 153
TRD, 978.365385, 154
TRD, 978.384615, 153
TRD, 978.846154, 157
TRD, 978.980769, 156
TRD, 979.250000, 157
TRD, 979.326923, 153
TRD, 980.076923, 157
TRD, 980.192308, 159
TRD, 981.865385, 154
TRD, 982.057692, 158
TRD, 983.269231, 158
TRD, 983.769231, 155
TRD, 984.134615, 158
TRD, 984.923077, 163
TRD, 985.038462, 166
TRD, 985.365385, 158
TRD, 985.423077, 157
TRD, 985.730769, 159
TRD, 987.519231, 160
TRD, 987.961538, 163
TRD, 988.153846, 163
TRD, 988.173077, 159
TRD, 988.903846, 158
TRD, 989.230769, 160
TRD, 989.403846, 163
TRD, 990.865385, 157
TRD, 990.961538, 156
TRD, 990.980769, 158
TRD, 991.384615, 157
TRD, 991.692308, 158
TRD, 991.826923, 159
TRD, 993.423077, 159
TRD, 993.461538, 160
TRD, 995.096154, 166
TRD, 995.788462, 161
TRD, 995.903846, 158
TRD, 998.134615, 160
TRD, 998.211538, 162
TRD, 998.288462, 156
TRD, 998.480769, 156
TRD, 999.211538, 154
TRD, 999.307692, 153
TRD, 999.692308, 154
TRD, 1001.480769, 154
TRD, 1001.826923, 154
TRD, 1002.384615, 152
TRD, 1003.403846, 153
TRD, 1003.788462, 153
TRD, 1004.019231, 154
TRD, 1004.461538, 156
TRD, 1004.884615, 153
TRD, 1005.692308, 155
TRD, 1006.442308, 154
TRD, 1007.000000, 156
TRD, 1007.519231, 155
TRD, 1007.730769, 157
TRD, 1008.019231, 155
TRD, 1008.307692, 156
TRD, 1009.115385, 155
TRD, 1009.480769, 154
TRD, 1009.576923, 156
TRD, 1009.865385, 156
TRD, 1010.096154, 156
TRD, 1010.500000, 157
TRD, 1010.538462, 154
TRD, 1011.519231, 156
TRD, 1011.884615, 156
TRD, 1012.250000, 154
TRD, 1012.730769, 154
TRD, 1013.711538, 154
TRD, 1013.980769, 157
TRD, 1014.192308, 157
TRD, 1014.230769, 153
TRD, 1014.269231, 158
TRD, 1015.538462, 157
TRD, 1015.750000, 156
TRD, 1016.826923, 154
TRD, 1017.096154, 154
TRD, 1017.384615, 152
TRD, 1017.634615, 153
TRD, 1017.865385, 151
TRD, 1018.211538, 150
TRD, 1019.250000, 154
TRD, 1020.442308, 157
TRD, 1020.673077, 157
TRD, 1021.500000, 152
TRD, 1022.153846, 153
TRD, 1022.519231, 153
TRD, 1022.788462, 151
TRD, 1023.173077, 150
TRD, 1023.230769, 149
TRD, 1023.384615, 151
TRD, 1023.442308, 153
TRD, 1023.653846, 157
TRD, 1023.865385, 159
TRD, 1024.884615, 159
TRD, 1026.480769, 157
TRD, 1026.846154, 159
TRD, 1027.596154, 159
TRD, 1028.903846, 157
TRD, 1028.961538, 156
TRD, 1029.769231, 155
TRD, 1029.903846, 157
TRD, 1030.269231, 157
TRD, 1030.653846, 156
TRD, 1030.903846, 156
TRD, 1031.096154, 155
TRD, 1031.480769, 155
TRD, 1031.519231, 155
TRD, 1033.288462, 156
TRD, 1034.442308, 155
TRD, 1035.615385, 154
TRD, 1035.961538, 155
TRD, 1036.192308, 156
TRD, 1036.403846, 160
TRD, 1037.250000, 155
TRD, 1038.461538, 156
TRD, 1038.538462, 155
TRD, 1038.923077, 155
TRD, 1040.000000, 160
TRD, 1040.230769, 154
TRD, 1040.538462, 160
TRD, 1040.576923, 161
TRD, 1040.884615, 153
TRD, 1042.096154, 152
TRD, 1042.730769, 157
TRD, 1043.019231, 158
TRD, 1043.750000, 158
TRD, 1044.173077, 154
TRD, 1044.538462, 158
TRD, 1045.500000, 158
TRD, 1045.538462, 154
TRD, 1046.307692, 155
TRD, 1046.596154, 154
TRD, 1047.942308, 154
TRD, 1049.134615, 155
TRD, 1049.519231, 154
TRD, 1050.442308, 152
TRD, 1051.519231, 153
TRD, 1051.692308, 156
TRD, 1051.826923, 152
TRD, 1052.730769, 154
TRD, 1052.903846, 157
TRD, 1053.692308, 153
TRD, 1054.403846, 154
TRD, 1054.692308, 155
TRD, 1055.096154, 155
TRD, 1055.269231, 158
TRD, 1055.365385, 159
TRD, 1055.403846, 153
TRD, 1055.500000, 151
TRD, 1055.980769, 158
TRD, 1056.884615, 161
TRD, 1057.192308, 153
TRD, 1057.442308, 152
TRD, 1058.596154, 158
TRD, 1058.807692, 165
TRD, 1059.000000, 167
TRD, 1059.653846, 155
TRD, 1060.019231, 152
TRD, 1060.384615, 167
TRD, 1060.884615, 151
TRD, 1060.961538, 152
TRD, 1061.538462, 157
TRD, 1062.615385, 156
TRD, 1063.596154, 157
TRD, 1064.346154, 157
TRD, 1064.538462, 158
TRD, 1064.865385, 155
TRD, 1065.942308, 157
TRD, 1066.519231, 158
TRD, 1066.634615, 158
TRD, 1067.115385, 158
TRD, 1067.403846, 156
TRD, 1067.461538, 159
TRD, 1067.596154, 168
TRD, 1069.307692, 162
TRD, 1070.153846, 160
TRD, 1070.480769, 158
TRD, 1070.596154, 160
TRD, 1071.153846, 161
TRD, 1072.942308, 159
TRD, 1073.115385, 162
TRD, 1074.865385, 162
TRD, 1075.980769, 162
TRD, 1076.000000, 161
TRD, 1076.288462, 159
TRD, 1076.750000, 162
TRD, 1076.865385, 164
TRD, 1077.000000, 159
TRD, 1077.365385, 167
TRD, 1077.923077, 159
TRD, 1079.038462, 158
TRD, 1080.519231, 157
TRD, 1080.557692, 157
TRD, 1081.384615, 157
TRD, 1082.057692, 157
TRD, 1083.153846, 157
TRD, 1084.307692, 156
TRD, 1084.500000, 158
TRD, 1084.615385, 158
TRD, 1085.461538, 156
TRD, 1085.961538, 156
TRD, 1086.173077, 157
TRD, 1086.384615, 155
TRD, 1086.500000, 154
TRD, 1086.653846, 158
TRD, 1087.615385, 161
TRD, 1087.961538, 156
TRD, 1088.173077, 153
TRD, 1088.384615, 153
TRD, 1088.942308, 160
TRD, 1089.692308, 160
TRD, 1090.903846, 153
TRD, 1092.192308, 161
TRD, 1092.500000, 157
TRD, 1092.884615, 157
TRD, 1093.076923, 157
TRD, 1094.173077, 157
TRD, 1095.500000, 158
TRD, 1095.846154, 160
TRD, 1096.461538, 160
TRD, 1097.096154, 159
TRD, 1097.711538, 160
TRD, 1098.442308, 157
TRD, 1099.307692, 157
TRD, 1099.730769, 154
TRD, 1100.461538, 156
TRD, 1101.096154, 153
TRD, 1101.115385, 151
TRD, 1101.557692, 151
TRD, 1103.019231, 154
TRD, 1103.192308, 151
TRD, 1103.250000, 155
TRD, 1104.500000, 154
TRD, 1104.634615, 155
TRD, 1105.230769, 154
TRD, 1105.326923, 154
TRD, 1105.403846, 157
TRD, 1105.769231, 156
TRD, 1106.269231, 154
TRD, 1106.538462, 153
TRD, 1108.000000, 157
TRD, 1108.211538, 157
TRD, 1108.538462, 165
TRD, 1110.057692, 166
TRD, 1110.442308, 156
TRD, 1111.326923, 154
TRD, 1111.403846, 152
TRD, 1111.653846, 153
TRD, 1112.442308, 156
TRD, 1112.615385, 152
TRD, 1112.807692, 156
TRD, 1113.192308, 151
TRD, 1113.519231, 151
TRD, 1113.711538, 159
TRD, 1114.134615, 161
TRD, 1114.384615, 158
TRD, 1115.750000, 152
TRD, 1116.365385, 152
TRD, 1116.673077, 151
TRD, 1116.980769, 153
TRD, 1117.403846, 157
TRD, 1118.307692, 156
TRD, 1118.653846, 157
TRD, 1119.442308, 157
TRD, 1120.134615, 156
TRD, 1120.192308, 156
TRD, 1120.230769, 155
TRD, 1121.673077, 154
TRD, 1121.923077, 155
TRD, 1122.019231, 158
TRD, 1122.153846, 154
TRD, 1122.980769, 154
TRD, 1123.557692, 153
TRD, 1124.230769, 160
TRD, 1124.384615, 161
TRD, 1125.942308, 154
TRD, 1125.961538, 155
TRD, 1127.653846, 153
TRD, 1127.865385, 159
TRD, 1127.961538, 158
TRD, 1129.211538, 156
TRD, 1129.288462, 152
TRD, 1129.692308, 157
TRD, 1129.980769, 159
TRD, 1130.134615, 151
TRD, 1130.192308, 151
TRD, 1130.269231, 160
TRD, 1130.346154, 162
TRD, 1130.865385, 150
TRD, 1131.173077, 159
TRD, 1131.326923, 167
TRD, 1131.461538, 168
TRD, 1132.038462, 166
TRD, 1132.153846, 168
TRD, 1132.442308, 157
TRD, 1133.461538, 163
TRD, 1134.019231, 167
TRD, 1134.365385, 162
TRD, 1135.288462, 167
TRD, 1135.365385, 167
TRD, 1136.038462, 166
TRD, 1137.153846, 163
TRD, 1137.769231, 166
TRD, 1138.230769, 162
TRD, 1138.634615, 160
TRD, 1139.057692, 163
TRD, 1139.692308, 161
TRD, 1139.942308, 162
TRD, 1140.884615, 159
TRD, 1141.250000, 164
TRD, 1141.615385, 164
TRD, 1141.769231, 157
TRD, 1142.538462, 166
TRD, 1143.711538, 160
TRD, 1144.480769, 157
TRD, 1144.692308, 160
TRD, 1144.788462, 160
TRD, 1145.519231, 156
TRD, 1145.557692, 157
TRD, 1146.153846, 158
TRD, 1146.788462, 157
TRD, 1147.211538, 157
TRD, 1147.403846, 156
TRD, 1147.442308, 155
TRD, 1148.480769, 155
TRD, 1148.538462, 159
TRD, 1148.826923, 160
TRD, 1149.750000, 154
TRD, 1151.384615, 154
TRD, 1151.576923, 153
TRD, 1153.711538, 155
TRD, 1153.846154, 154
TRD, 1153.884615, 153
TRD, 1154.057692, 153
TRD, 1154.307692, 159
TRD, 1155.038462, 159
TRD, 1155.346154, 158
TRD, 1156.288462, 163
TRD, 1156.480769, 155
TRD, 1157.750000, 156
TRD, 1158.769231, 157
TRD, 1158.903846, 156
TRD, 1159.634615, 155
TRD, 1159.826923, 156
TRD, 1160.346154, 153
TRD, 1161.230769, 154
TRD, 1162.307692, 157
TRD, 1162.884615, 156
TRD, 1163.884615, 155
TRD, 1164.057692, 156
TRD, 1164.173077, 160
TRD, 1164.269231, 163
TRD, 1164.538462, 165
TRD, 1164.576923, 169
TRD, 1164.653846, 168
TRD, 1165.269231, 167
TRD, 1165.884615, 167
TRD, 1166.480769, 165
TRD, 1167.653846, 164
TRD, 1168.134615, 162
TRD, 1169.115385, 161
TRD, 1169.250000, 158
TRD, 1169.730769, 157
TRD, 1170.057692, 158
TRD, 1170.326923, 157
TRD, 1170.711538, 161
TRD, 1171.038462, 163
TRD, 1171.173077, 167
TRD, 1171.365385, 162
TRD, 1171.634615, 151
TRD, 1172.173077, 150
TRD, 1172.961538, 158
TRD, 1173.384615, 162
TRD, 1173.769231, 162
TRD, 1174.269231, 148
TRD, 1174.519231, 150
TRD, 1174.903846, 159
TRD, 1176.884615, 154
TRD, 1176.903846, 158
TRD, 1178.038462, 158
TRD, 1178.173077, 156
TRD, 1179.250000, 157
TRD, 1179.269231, 156
TRD, 1179.500000, 157
TRD, 1180.173077, 159
TRD, 1180.711538, 162
TRD, 1181.653846, 158
TRD, 1181.692308, 155
TRD, 1182.480769, 162
TRD, 1182.634615, 162
TRD, 1183.807692, 162
TRD, 1184.500000, 155
TRD, 1184.692308, 159
TRD, 1185.673077, 158
TRD, 1185.788462, 163
TRD, 1186.365385, 155
TRD, 1186.846154, 155
TRD, 1186.923077, 159
TRD, 1188.038462, 154
TRD, 1189.711538, 154
TRD, 1189.923077, 163
TRD, 1191.230769, 163
TRD, 1191.557692, 155
TRD, 1191.634615, 163
TRD, 1191.865385, 154
TRD, 1192.788462, 154
TRD, 1193.096154, 152
TRD, 1193.269231, 163
TRD, 1193.519231, 164
TRD, 1194.134615, 164
TRD, 1194.211538, 152
TRD, 1194.423077, 166
TRD, 1194.653846, 150
TRD, 1195.115385, 149
TRD, 1195.365385, 167
TRD, 1195.923077, 150
TRD, 1196.500000, 149
TRD, 1197.884615, 148
TRD, 1198.538462, 143
TRD, 1198.576923, 150
TRD, 1198.980769, 158
TRD, 1199.288462, 142
TRD, 1199.961538, 141
TRD, 1200.538462, 154
TRD, 1201.519231, 156
TRD, 1201.730769, 160
TRD, 1202.461538, 156
TRD, 1202.788462, 162
TRD, 1203.269231, 160
TRD, 1203.750000, 161
TRD, 1204.192308, 161
TRD, 1205.346154, 159
TRD, 1205.711538, 160
TRD, 1205.865385, 160
TRD, 1205.980769, 157
TRD, 1206.019231, 156
TRD, 1206.384615, 156
TRD, 1206.923077, 159
TRD, 1207.000000, 157
TRD, 1207.019231, 155
TRD, 1208.769231, 158
TRD, 1209.326923, 158
TRD, 1210.153846, 159
TRD, 1210.307692, 159
TRD, 1211.076923, 156
TRD, 1211.615385, 154
TRD, 1212.480769, 162
TRD, 1213.673077, 157
TRD, 1213.730769, 155
TRD, 1214.000000, 158
TRD, 1214.384615, 153
TRD, 1214.519231, 153
TRD, 1214.615385, 155
TRD, 1215.230769, 152
TRD, 1215.288462, 148
TRD, 1215.480769, 145
TRD, 1215.692308, 159
TRD, 1215.750000, 144
TRD, 1216.750000, 148
TRD, 1216.980769, 149
TRD, 1217.173077, 151
TRD, 1217.326923, 159
TRD, 1220.307692, 152
TRD, 1220.615385, 156
TRD, 1221.519231, 161
TRD, 1221.923077, 165
TRD, 1222.673077, 164
TRD, 1222.903846, 163
TRD, 1223.500000, 164
TRD, 1223.807692, 162
TRD, 1224.211538, 162
TRD, 1224.557692, 163
TRD, 1224.634615, 163
TRD, 1225.057692, 161
TRD, 1225.173077, 167
TRD, 1226.019231, 167
TRD, 1226.211538, 168
TRD, 1226.423077, 163
TRD, 1227.788462, 162
TRD, 1227.807692, 165
TRD, 1229.442308, 160
TRD, 1230.576923, 163
TRD, 1231.653846, 156
TRD, 1232.288462, 155
TRD, 1233.038462, 156
TRD, 1233.230769, 159
TRD, 1233.673077, 155
TRD, 1234.326923, 163
TRD, 1234.807692, 158
TRD, 1234.865385, 163
TRD, 1235.230769, 162
TRD, 1236.115385, 157
TRD, 1236.365385, 159
TRD, 1237.019231, 157
TRD, 1237.788462, 157
TRD, 1238.211538, 163
TRD, 1238.942308, 160
TRD, 1239.557692, 166
TRD, 1240.307692, 163
TRD, 1240.961538, 161
TRD, 1241.115385, 161
TRD, 1241.865385, 162
TRD, 1242.788462, 165
TRD, 1243.192308, 167
TRD, 1243.884615, 166
TRD, 1243.980769, 164
TRD, 1244.500000, 164
TRD, 1245.384615, 165
TRD, 1245.461538, 162
TRD, 1245.615385, 161
TRD, 1245.961538, 165
TRD, 1246.230769, 159
TRD, 1246.326923, 158
TRD, 1247.230769, 155
TRD, 1247.365385, 167
TRD, 1247.615385, 169
TRD, 1248.250000, 169
TRD, 1248.807692, 164
TRD, 1249.230769, 164
TRD, 1249.692308, 164
TRD, 1250.192308, 164
TRD, 1250.846154, 164
TRD, 1251.480769, 163
TRD, 1251.884615, 166
TRD, 1252.019231, 169
TRD, 1252.826923, 163
TRD, 1252.846154, 163
TRD, 1254.057692, 166
TRD, 1254.250000, 161
TRD, 1255.230769, 165
TRD, 1257.019231, 159
TRD, 1257.250000, 155
TRD, 1258.230769, 161
TRD, 1259.250000, 155
TRD, 1260.019231, 158
TRD, 1260.057692, 159
TRD, 1260.461538, 160
TRD, 1260.634615, 160
TRD, 1261.615385, 159
TRD, 1261.711538, 158
TRD, 1261.730769, 157
TRD, 1262.826923, 158
TRD, 1263.769231, 160
TRD, 1264.134615, 159
TRD, 1265.019231, 155
TRD, 1265.538462, 158
TRD, 1265.980769, 155
TRD, 1267.038462, 156
TRD, 1267.346154, 157
TRD, 1268.019231, 157
TRD, 1268.557692, 157
TRD, 1269.057692, 158
TRD, 1269.423077, 156
TRD, 1270.884615, 157
TRD, 1271.230769, 159
TRD, 1271.461538, 160
TRD, 1272.250000, 160
TRD, 1272.788462, 161
TRD, 1272.846154, 162
TRD, 1273.230769, 163
TRD, 1273.826923, 157
TRD, 1274.230769, 160
TRD, 1274.423077, 155
TRD, 1274.442308, 160
TRD, 1274.576923, 159
TRD, 1274.711538, 160
TRD, 1276.000000, 154
TRD, 1276.384615, 162
TRD, 1276.557692, 155
TRD, 1276.846154, 154
TRD, 1277.884615, 160
TRD, 1278.942308, 159
TRD, 1279.346154, 159
TRD, 1279.365385, 158
TRD, 1279.730769, 160
TRD, 1279.769231, 157
TRD, 1280.000000, 155
TRD, 1280.019231, 153
TRD, 1280.192308, 160
TRD, 1281.326923, 160
TRD, 1281.942308, 160
TRD, 1282.326923, 160
TRD, 1284.461538, 160
TRD, 1285.653846, 159
TRD, 1285.769231, 159
TRD, 1285.980769, 162
TRD, 1286.384615, 164
TRD, 1287.269231, 161
TRD, 1287.711538, 162
TRD, 1288.269231, 163
TRD, 1288.538462, 165
TRD, 1289.384615, 166
TRD, 1290.326923, 165
TRD, 1291.769231, 164
TRD, 1292.307692, 165
TRD, 1292.403846, 166
TRD, 1292.519231, 167
TRD, 1293.153846, 163
TRD, 1294.115385, 161
TRD, 1294.365385, 167
TRD, 1294.576923, 167
TRD, 1294.980769, 160
TRD, 1295.000000, 157
TRD, 1295.884615, 158
TRD, 1296.288462, 164
TRD, 1296.365385, 165
TRD, 1297.134615, 156
TRD, 1298.442308, 169
TRD, 1298.884615, 169
TRD, 1299.596154, 167
TRD, 1299.826923, 168
TRD, 1299.884615, 165
TRD, 1301.750000, 169
TRD, 1301.826923, 165
TRD, 1302.019231, 165
TRD, 1302.538462, 164
TRD, 1303.192308, 168
TRD, 1304.288462, 163
TRD, 1305.000000, 166
TRD, 1305.346154, 165
TRD, 1305.692308, 166
TRD, 1306.230769, 161
TRD, 1306.750000, 166
TRD, 1307.057692, 159
TRD, 1307.442308, 163
TRD, 1307.519231, 164
TRD, 1308.019231, 159
TRD, 1308.826923, 164
TRD, 1309.096154, 165
TRD, 1310.557692, 159
TRD, 1310.788462, 161
TRD, 1311.038462, 158
TRD, 1311.346154, 158
TRD, 1313.076923, 157
TRD, 1313.634615, 157
TRD, 1313.884615, 157
TRD, 1314.173077, 158
TRD, 1314.423077, 158
TRD, 1315.538462, 159
TRD, 1315.711538, 157
TRD, 1316.076923, 159
TRD, 1316.923077, 156
TRD, 1317.442308, 159
TRD, 1318.557692, 158
TRD, 1319.480769, 156
TRD, 1319.615385, 154
TRD, 1319.730769, 160
TRD, 1320.750000, 154
TRD, 1321.346154, 161
TRD, 1321.788462, 156
TRD, 1321.807692, 161
TRD, 1321.980769, 164
TRD, 1323.346154, 154
TRD, 1323.365385, 153
TRD, 1323.826923, 163
TRD, 1324.173077, 163
TRD, 1324.230769, 163
TRD, 1324.250000, 152
TRD, 1324.961538, 166
TRD, 1325.153846, 167
TRD, 1325.519231, 165
TRD, 1325.769231, 161
TRD, 1327.250000, 169
TRD, 1327.884615, 169
TRD, 1329.750000, 167
TRD, 1330.192308, 167
TRD, 1330.269231, 170
TRD, 1330.403846, 171
TRD, 1331.846154, 169
TRD, 1331.942308, 168
TRD, 1332.057692, 166
TRD, 1332.211538, 170
TRD, 1332.615385, 166
TRD, 1333.115385, 169
TRD, 1333.807692, 166
TRD, 1334.115385, 165
TRD, 1334.788462, 159
TRD, 1334.980769, 168
TRD, 1335.269231, 166
TRD, 1336.634615, 168
TRD, 1337.134615, 167
TRD, 1337.519231, 169
TRD, 1338.038462, 164
TRD, 1338.865385, 162
TRD, 1338.923077, 160
TRD, 1339.307692, 162
TRD, 1339.480769, 161
TRD, 1340.115385, 166
TRD, 1340.711538, 158
TRD, 1341.750000, 157
TRD, 1342.057692, 158
TRD, 1342.384615, 164
TRD, 1342.865385, 157
TRD, 1342.961538, 161
TRD, 1343.903846, 159
TRD, 1344.711538, 156
TRD, 1344.865385, 159
TRD, 1345.326923, 160
TRD, 1345.461538, 156
TRD, 1346.903846, 155
TRD, 1347.192308, 154
TRD, 1347.673077, 160
TRD, 1347.961538, 162
TRD, 1348.057692, 155
TRD, 1348.211538, 163
TRD, 1349.730769, 157
TRD, 1350.076923, 161
TRD, 1350.634615, 167
TRD, 1350.807692, 157
TRD, 1351.711538, 157
TRD, 1352.596154, 162
TRD, 1352.884615, 163
TRD, 1353.230769, 161
TRD, 1353.480769, 160
TRD, 1355.000000, 161
TRD, 1355.115385, 158
TRD, 1355.576923, 158
TRD, 1356.076923, 158
TRD, 1357.250000, 158
TRD, 1357.423077, 158
TRD, 1357.884615, 161
TRD, 1358.557692, 160
TRD, 1359.365385, 161
TRD, 1359.653846, 160
TRD, 1359.980769, 164
TRD, 1360.211538, 159
TRD, 1360.519231, 159
TRD, 1361.211538, 156
TRD, 1362.076923, 168
TRD, 1362.365385, 166
TRD, 1363.153846, 155
TRD, 1363.730769, 166
TRD, 1365.173077, 163
TRD, 1365.269231, 164
TRD, 1366.019231, 165
TRD, 1366.307692, 165
TRD, 1366.403846, 166
TRD, 1366.538462, 161
TRD, 1367.134615, 166
TRD, 1367.884615, 166
TRD, 1368.750000, 165
TRD, 1368.980769, 165
TRD, 1369.730769, 166
TRD, 1370.134615, 165
TRD, 1370.326923, 162
TRD, 1371.076923, 160
TRD, 1371.153846, 158
TRD, 1371.615385, 158
TRD, 1372.076923, 165
TRD, 1372.500000, 166
TRD, 1373.634615, 163
TRD, 1373.942308, 165
TRD, 1374.923077, 163
TRD, 1375.461538, 167
TRD, 1375.961538, 161
TRD, 1377.211538, 164
TRD, 1377.769231, 165
TRD, 1377.923077, 162
TRD, 1378.250000, 170
TRD, 1378.730769, 162
TRD, 1378.846154, 161
TRD, 1378.980769, 160
TRD, 1379.711538, 164
TRD, 1380.288462, 162
TRD, 1381.538462, 159
TRD, 1381.788462, 158
TRD, 1382.903846, 165
TRD, 1383.365385, 167
TRD, 1383.788462, 165
TRD, 1384.480769, 164
TRD, 1384.788462, 161
TRD, 1385.807692, 161
TRD, 1386.615385, 159
TRD, 1386.653846, 160
TRD, 1386.846154, 160
TRD, 1388.307692, 163
TRD, 1388.750000, 164
TRD, 1389.615385, 162
TRD, 1389.788462, 158
TRD, 1389.903846, 162
TRD, 1390.019231, 163
TRD, 1390.538462, 164
TRD, 1390.557692, 158
TRD, 1391.038462, 166
TRD, 1392.173077, 164
TRD, 1393.750000, 168
TRD, 1393.846154, 164
TRD, 1394.769231, 166
TRD, 1395.576923, 164
TRD, 1396.019231, 164
TRD, 1396.346154, 166
TRD, 1396.923077, 163
TRD, 1396.961538, 162
TRD, 1397.500000, 162
TRD, 1398.038462, 167
TRD, 1399.057692, 161
TRD, 1400.826923, 164
TRD, 1401.365385, 164
TRD, 1402.269231, 165
TRD, 1402.288462, 165
TRD, 1402.307692, 163
TRD, 1402.903846, 166
TRD, 1402.923077, 163
TRD, 1403.403846, 167
TRD, 1403.961538, 166
TRD, 1404.000000, 163
TRD, 1404.192308, 162
TRD, 1404.865385, 160
TRD, 1405.038462, 165
TRD, 1405.057692, 165
TRD, 1405.173077, 160
TRD, 1405.576923, 161
TRD, 1406.096154, 161
TRD, 1406.769231, 158
TRD, 1407.288462, 164
TRD, 1407.538462, 164
TRD, 1407.884615, 164
TRD, 1408.403846, 163
TRD, 1409.076923, 163
TRD, 1409.750000, 161
TRD, 1409.961538, 162
TRD, 1410.653846, 158
TRD, 1410.826923, 166
TRD, 1411.096154, 157
TRD, 1411.192308, 158
TRD, 1411.538462, 164
TRD, 1413.096154, 160
TRD, 1414.519231, 165
TRD, 1414.653846, 165
TRD, 1414.750000, 163
TRD, 1415.326923, 161
TRD, 1415.346154, 158
TRD, 1415.365385, 166
TRD, 1416.769231, 164
TRD, 1417.076923, 165
TRD, 1418.250000, 164
TRD, 1418.346154, 165
TRD, 1419.153846, 166
TRD, 1419.480769, 163
TRD, 1420.076923, 160
TRD, 1420.288462, 165
TRD, 1420.807692, 156
TRD, 1420.923077, 156
TRD, 1422.538462, 156
TRD, 1423.442308, 158
TRD, 1423.711538, 160
TRD, 1423.942308, 160
TRD, 1425.634615, 161
TRD, 1425.788462, 161
TRD, 1426.173077, 161
TRD, 1426.269231, 158
TRD, 1427.173077, 162
TRD, 1427.326923, 164
TRD, 1427.826923, 160
TRD, 1427.942308, 164
TRD, 1428.653846, 161
TRD, 1428.884615, 159
TRD, 1430.076923, 163
TRD, 1430.346154, 164
TRD, 1431.442308, 162
TRD, 1431.826923, 160
TRD, 1432.000000, 160
TRD, 1432.230769, 163
TRD, 1432.769231, 163
TRD, 1434.134615, 163
TRD, 1434.519231, 167
TRD, 1434.923077, 167
TRD, 1435.923077, 167
TRD, 1436.884615, 167
TRD, 1437.865385, 168
TRD, 1438.076923, 168
TRD, 1438.192308, 171
TRD, 1438.846154, 168
TRD, 1439.384615, 166
TRD, 1440.076923, 170
TRD, 1440.788462, 170
TRD, 1440.980769, 170
TRD, 1442.423077, 168
TRD, 1442.500000, 168
TRD, 1442.673077, 168
TRD, 1443.134615, 166
TRD, 1443.250000, 165
TRD, 1444.000000, 164
TRD, 1444.519231, 165
TRD, 1444.884615, 166
TRD, 1444.903846, 164
TRD, 1445.115385, 162
TRD, 1446.711538, 162
TRD, 1446.980769, 162
TRD, 1447.192308, 155
TRD, 1447.500000, 154
TRD, 1448.615385, 161
TRD, 1449.192308, 162
TRD, 1449.903846, 161
TRD, 1450.807692, 161
TRD, 1450.903846, 163
TRD, 1451.923077, 162
TRD, 1452.480769, 161
TRD, 1452.923077, 160
TRD, 1453.403846, 161
TRD, 1453.596154, 162
TRD, 1454.230769, 163
TRD, 1454.903846, 161
TRD, 1455.211538, 163
TRD, 1455.346154, 161
TRD, 1456.807692, 165
TRD, 1456.865385, 162
TRD, 1459.173077, 164
TRD, 1459.269231, 162
TRD, 1459.461538, 161
TRD, 1459.903846, 162
TRD, 1460.134615, 161
TRD, 1460.423077, 162
TRD, 1460.711538, 166
TRD, 1461.596154, 161
TRD, 1462.076923, 162
TRD, 1462.288462, 166
TRD, 1462.307692, 161
TRD, 1462.730769, 167
TRD, 1464.115385, 161
TRD, 1464.230769, 161
TRD, 1464.403846, 166
TRD, 1464.730769, 161
TRD, 1464.788462, 165
TRD, 1466.076923, 162
TRD, 1466.115385, 161
TRD, 1466.307692, 163
TRD, 1466.346154, 161
TRD, 1467.480769, 162
TRD, 1468.211538, 161
TRD, 1468.461538, 160
TRD, 1468.884615, 160
TRD, 1469.923077, 162
TRD, 1470.019231, 163
TRD, 1470.076923, 158
TRD, 1470.538462, 159
TRD, 1472.038462, 159
TRD, 1472.211538, 163
TRD, 1472.326923, 161
TRD, 1475.038462, 158
TRD, 1475.346154, 159
TRD, 1476.115385, 158
TRD, 1476.480769, 159
TRD, 1476.596154, 160
TRD, 1476.711538, 161
TRD, 1476.865385, 158
TRD, 1476.903846, 157
TRD, 1478.865385, 161
TRD, 1479.326923, 160
TRD, 1479.384615, 162
TRD, 1480.019231, 160
TRD, 1480.192308, 159
TRD, 1481.365385, 164
TRD, 1481.423077, 164
TRD, 1481.538462, 166
TRD, 1482.653846, 163
TRD, 1483.461538, 164
TRD, 1483.846154, 164
TRD, 1483.942308, 162
TRD, 1484.057692, 160
TRD, 1484.596154, 163
TRD, 1484.788462, 163
TRD, 1485.519231, 161
TRD, 1485.711538, 167
TRD, 1487.173077, 163
TRD, 1487.442308, 164
TRD, 1487.788462, 161
TRD, 1488.038462, 161
TRD, 1488.115385, 160
TRD, 1488.211538, 159
TRD, 1488.423077, 164
TRD, 1488.557692, 165
TRD, 1489.480769, 156
TRD, 1489.596154, 164
TRD, 1489.634615, 156
TRD, 1489.865385, 167
TRD, 1491.634615, 158
TRD, 1491.903846, 158
TRD, 1493.961538, 165
TRD, 1494.000000, 164
TRD, 1495.346154, 162
TRD, 1496.288462, 163
TRD, 1496.884615, 165
TRD, 1497.461538, 170
TRD, 1497.865385, 171
TRD, 1498.115385, 159
TRD, 1498.307692, 156
TRD, 1498.923077, 169
TRD, 1499.500000, 171
TRD, 1500.096154, 164
TRD, 1500.211538, 172
TRD, 1500.500000, 173
TRD, 1500.923077, 168
TRD, 1501.096154, 182
TRD, 1501.557692, 162
TRD, 1501.769231, 158
TRD, 1502.500000, 171
TRD, 1502.903846, 170
TRD, 1503.307692, 159
TRD, 1504.576923, 159
TRD, 1505.192308, 170
TRD, 1507.519231, 166
TRD, 1507.557692, 165
TRD, 1508.384615, 167
TRD, 1508.788462, 162
TRD, 1509.346154, 166
TRD, 1509.846154, 162
TRD, 1511.134615, 167
TRD, 1511.500000, 163
TRD, 1511.634615, 162
TRD, 1511.730769, 167
TRD, 1512.615385, 168
TRD, 1513.019231, 171
TRD, 1513.576923, 162
TRD, 1513.865385, 163
TRD, 1514.211538, 163
TRD, 1514.384615, 162
TRD, 1514.442308, 171
TRD, 1515.134615, 161
TRD, 1515.153846, 160
TRD, 1516.596154, 166
TRD, 1516.634615, 167
TRD, 1517.769231, 161
TRD, 1518.057692, 160
TRD, 1518.269231, 160
TRD, 1518.326923, 159
TRD, 1518.826923, 159
TRD, 1519.288462, 163
TRD, 1519.807692, 163
TRD, 1520.403846, 164
TRD, 1520.807692, 163
TRD, 1521.269231, 162
TRD, 1521.634615, 159
TRD, 1522.096154, 159
TRD, 1523.038462, 158
TRD, 1523.576923, 161
TRD, 1524.653846, 162
TRD, 1525.538462, 163
TRD, 1525.557692, 157
TRD, 1526.480769, 159
TRD, 1527.461538, 163
TRD, 1528.442308, 162
TRD, 1528.480769, 160
TRD, 1528.519231, 163
TRD, 1528.673077, 157
TRD, 1528.711538, 169
TRD, 1529.192308, 164
TRD, 1529.365385, 156
TRD, 1530.115385, 155
TRD, 1530.980769, 150
TRD, 1531.307692, 151
TRD, 1531.461538, 156
TRD, 1531.730769, 164
TRD, 1532.326923, 163
TRD, 1532.769231, 155
TRD, 1532.903846, 158
TRD, 1533.269231, 154
TRD, 1533.903846, 164
TRD, 1535.038462, 160
TRD, 1535.538462, 159
TRD, 1535.750000, 158
TRD, 1535.942308, 157
TRD, 1536.346154, 160
TRD, 1536.500000, 163
TRD, 1537.442308, 163
TRD, 1537.615385, 162
TRD, 1537.884615, 164
TRD, 1538.250000, 165
TRD, 1540.076923, 162
TRD, 1541.807692, 158
TRD, 1542.326923, 163
TRD, 1543.115385, 160
TRD, 1543.153846, 159
TRD, 1543.250000, 160
TRD, 1544.000000, 160
TRD, 1545.057692, 160
TRD, 1545.384615, 160
TRD, 1546.326923, 159
TRD, 1546.461538, 158
TRD, 1546.557692, 157
TRD, 1546.615385, 157
TRD, 1546.923077, 158
TRD, 1547.250000, 157
TRD, 1548.557692, 158
TRD, 1548.653846, 162
TRD, 1549.288462, 161
TRD, 1549.423077, 163
TRD, 1550.711538, 159
TRD, 1551.423077, 158
TRD, 1551.846154, 160
TRD, 1553.115385, 159
TRD, 1553.365385, 160
TRD, 1553.403846, 160
TRD, 1554.711538, 157
TRD, 1554.961538, 162
TRD, 1555.019231, 159
TRD, 1555.192308, 160
TRD, 1556.038462, 163
TRD, 1556.057692, 159
TRD, 1556.500000, 164
TRD, 1556.807692, 160
TRD, 1557.326923, 162
TRD, 1557.423077, 164
TRD, 1559.442308, 164
TRD, 1560.288462, 162
TRD, 1560.461538, 161
TRD, 1561.442308, 158
TRD, 1562.115385, 161
TRD, 1563.153846, 158
TRD, 1563.269231, 157
TRD, 1563.653846, 158
TRD, 1563.826923, 162
TRD, 1564.692308, 161
TRD, 1564.711538, 156
TRD, 1564.788462, 154
TRD, 1566.134615, 163
TRD, 1566.576923, 162
TRD, 1566.923077, 165
TRD, 1567.403846, 166
TRD, 1568.250000, 166
TRD, 1568.653846, 168
TRD, 1569.057692, 169
TRD, 1569.096154, 168
TRD, 1570.250000, 168
TRD, 1570.346154, 162
TRD, 1570.403846, 169
TRD, 1571.019231, 161
TRD, 1572.038462, 161
TRD, 1572.250000, 161
TRD, 1572.826923, 163
TRD, 1574.326923, 161
TRD, 1575.211538, 161
TRD, 1575.596154, 163
TRD, 1576.096154, 160
TRD, 1576.173077, 159
TRD, 1576.192308, 162
TRD, 1576.519231, 159
TRD, 1577.673077, 159
TRD, 1578.230769, 159
TRD, 1578.269231, 156
TRD, 1579.500000, 152
TRD, 1581.557692, 162
TRD, 1582.307692, 141
TRD, 1583.038462, 149
TRD, 1583.269231, 155
TRD, 1583.307692, 156
TRD, 1583.519231, 153
TRD, 1583.788462, 164
TRD, 1584.923077, 153
TRD, 1585.326923, 154
TRD, 1585.865385, 153
TRD, 1586.653846, 155
TRD, 1586.961538, 155
TRD, 1587.096154, 164
TRD, 1587.442308, 154
TRD, 1590.538462, 158
TRD, 1590.596154, 162
TRD, 1591.192308, 160
TRD, 1591.942308, 163
TRD, 1592.442308, 163
TRD, 1592.461538, 165
TRD, 1593.000000, 159
TRD, 1593.519231, 166
TRD, 1593.673077, 165
TRD, 1594.403846, 161
TRD, 1594.519231, 164
TRD, 1595.038462, 160
TRD, 1595.269231, 161
TRD, 1596.500000, 163
TRD, 1596.750000, 159
TRD, 1596.826923, 163
TRD, 1596.846154, 164
TRD, 1597.288462, 159
TRD, 1598.192308, 164
TRD, 1598.942308, 161
TRD, 1599.173077, 158
TRD, 1599.307692, 154
TRD, 1600.384615, 152
TRD, 1601.211538, 156
TRD, 1601.730769, 156
TRD, 1601.923077, 157
TRD, 1603.307692, 157
TRD, 1603.346154, 157
TRD, 1603.461538, 159
TRD, 1603.500000, 155
TRD, 1603.596154, 163
TRD, 1605.000000, 161
TRD, 1605.653846, 165
TRD, 1606.846154, 162
TRD, 1608.038462, 161
TRD, 1608.307692, 165
TRD, 1608.326923, 159
TRD, 1609.615385, 165
TRD, 1609.673077, 173
TRD, 1609.769231, 168
TRD, 1610.000000, 163
TRD, 1610.096154, 166
TRD, 1610.673077, 157
TRD, 1610.942308, 177
TRD, 1611.057692, 162
TRD, 1611.711538, 156
TRD, 1612.596154, 159
TRD, 1612.788462, 158
TRD, 1613.269231, 159
TRD, 1613.519231, 157
TRD, 1613.807692, 159
TRD, 1614.096154, 160
TRD, 1615.076923, 159
TRD, 1617.615385, 158
TRD, 1618.038462, 159
TRD, 1618.307692, 158
TRD, 1618.557692, 160
TRD, 1619.750000, 162
TRD, 1620.730769, 158
TRD, 1620.846154, 163
TRD, 1621.038462, 159
TRD, 1621.115385, 159
TRD, 1621.961538, 164
TRD, 1622.576923, 164
TRD, 1623.288462, 159
TRD, 1623.423077, 159
TRD, 1623.653846, 158
TRD, 1623.692308, 159
TRD, 1624.615385, 155
TRD, 1625.000000, 153
TRD, 1625.500000, 162
TRD, 1626.076923, 163
TRD, 1626.980769, 163
TRD, 1627.057692, 164
TRD, 1627.230769, 165
TRD, 1627.615385, 151
TRD, 1628.346154, 162
TRD, 1628.961538, 164
TRD, 1629.096154, 155
TRD, 1630.173077, 161
TRD, 1630.442308, 160
TRD, 1631.057692, 155
TRD, 1631.865385, 161
TRD, 1632.250000, 162
TRD, 1632.692308, 166
TRD, 1633.442308, 158
TRD, 1633.730769, 156
TRD, 1633.903846, 156
TRD, 1634.096154, 155
TRD, 1634.884615, 159
TRD, 1635.192308, 159
TRD, 1635.384615, 150
TRD, 1635.923077, 154
TRD, 1636.769231, 156
TRD, 1637.384615, 158
TRD, 1637.423077, 158
TRD, 1638.115385, 159
TRD, 1638.519231, 160
TRD, 1639.250000, 161
TRD, 1640.000000, 158
TRD, 1640.384615, 160
TRD, 1641.000000, 167
TRD, 1641.192308, 167
TRD, 1641.384615, 166
TRD, 1642.173077, 158
TRD, 1642.480769, 161
TRD, 1642.865385, 155
TRD, 1642.942308, 161
TRD, 1643.750000, 156
TRD, 1644.538462, 159
TRD, 1645.076923, 158
TRD, 1645.153846, 158
TRD, 1645.346154, 157
TRD, 1647.961538, 162
TRD, 1648.250000, 161
TRD, 1648.576923, 164
TRD, 1648.903846, 160
TRD, 1649.096154, 159
TRD, 1650.000000, 163
TRD, 1650.326923, 161
TRD, 1650.557692, 161
TRD, 1651.000000, 164
TRD, 1651.173077, 160
TRD, 1651.826923, 157
TRD, 1651.903846, 161
TRD, 1651.942308, 163
TRD, 1651.961538, 157
TRD, 1652.961538, 163
TRD, 1654.250000, 164
TRD, 1654.346154, 162
TRD, 1654.788462, 160
TRD, 1655.673077, 161
TRD, 1655.730769, 162
TRD, 1656.250000, 159
TRD, 1656.519231, 158
TRD, 1656.750000, 157
TRD, 1658.153846, 153
TRD, 1658.307692, 165
TRD, 1658.576923, 160
TRD, 1659.442308, 162
TRD, 1659.961538, 161
TRD, 1661.923077, 161
TRD, 1662.211538, 157
TRD, 1663.153846, 157
TRD, 1663.769231, 159
TRD, 1665.153846, 161
TRD, 1665.557692, 162
TRD, 1665.615385, 159
TRD, 1665.692308, 165
TRD, 1665.769231, 160
TRD, 1666.211538, 167
TRD, 1666.500000, 159
TRD, 1666.865385, 166
TRD, 1667.673077, 166
TRD, 1668.038462, 159
TRD, 1668.557692, 167
TRD, 1669.365385, 167
TRD, 1670.269231, 161
TRD, 1670.653846, 159
TRD, 1671.346154, 164
TRD, 1672.442308, 159
TRD, 1672.673077, 160
TRD, 1673.173077, 162
TRD, 1673.442308, 159
TRD, 1674.057692, 161
TRD, 1674.615385, 159
TRD, 1675.211538, 159
TRD, 1675.884615, 161
TRD, 1675.961538, 164
TRD, 1676.250000, 164
TRD, 1676.442308, 159
TRD, 1676.788462, 157
TRD, 1677.115385, 156
TRD, 1677.134615, 160
TRD, 1678.096154, 161
TRD, 1678.153846, 165
TRD, 1678.634615, 155
TRD, 1679.384615, 156
TRD, 1680.942308, 160
TRD, 1681.269231, 161
TRD, 1681.596154, 164
TRD, 1683.403846, 160
TRD, 1685.365385, 163
TRD, 1685.634615, 161
TRD, 1686.538462, 160
TRD, 1687.115385, 158
TRD, 1687.230769, 160
TRD, 1687.269231, 159
TRD, 1688.038462, 163
TRD, 1689.615385, 160
TRD, 1689.692308, 162
TRD, 1689.807692, 163
TRD, 1690.000000, 162
TRD, 1690.423077, 158
TRD, 1691.711538, 157
TRD, 1691.942308, 160
TRD, 1692.038462, 161
TRD, 1692.423077, 162
TRD, 1693.596154, 160
TRD, 1693.730769, 156
TRD, 1694.096154, 156
TRD, 1694.403846, 160
TRD, 1694.538462, 157
TRD, 1695.153846, 162
TRD, 1696.057692, 160
TRD, 1696.538462, 159
TRD, 1696.730769, 159
TRD, 1696.826923, 162
TRD, 1698.884615, 157
TRD, 1700.384615, 159
TRD, 1700.423077, 161
TRD, 1701.461538, 161
TRD, 1702.076923, 159
TRD, 1702.865385, 158
TRD, 1703.134615, 158
TRD, 1703.288462, 157
TRD, 1703.480769, 160
TRD, 1703.711538, 157
TRD, 1704.192308, 157
TRD, 1704.250000, 156
TRD, 1704.326923, 156
TRD, 1704.903846, 158
TRD, 1704.923077, 155
TRD, 1705.365385, 158
TRD, 1705.423077, 158
TRD, 1706.346154, 157
TRD, 1706.576923, 158
TRD, 1707.134615, 159
TRD, 1707.538462, 163
TRD, 1708.384615, 159
TRD, 1708.711538, 159
TRD, 1709.423077, 164
TRD, 1709.673077, 157
TRD, 1710.384615, 164
TRD, 1711.076923, 160
TRD, 1711.269231, 166
TRD, 1712.846154, 166
TRD, 1713.038462, 167
TRD, 1713.288462, 165
TRD, 1713.634615, 167
TRD, 1713.884615, 162
TRD, 1714.000000, 168
TRD, 1714.846154, 163
TRD, 1715.461538, 169
TRD, 1716.807692, 162
TRD, 1717.596154, 165
TRD, 1719.000000, 162
TRD, 1719.365385, 163
TRD, 1719.923077, 163
TRD, 1720.365385, 163
TRD, 1720.480769, 164
TRD, 1720.538462, 161
TRD, 1720.557692, 160
TRD, 1720.730769, 164
TRD, 1720.884615, 163
TRD, 1721.057692, 165
TRD, 1721.423077, 162
TRD, 1721.711538, 162
TRD, 1721.923077, 163
TRD, 1722.653846, 159
TRD, 1724.538462, 160
TRD, 1724.942308, 161
TRD, 1725.230769, 166
TRD, 1725.480769, 159
TRD, 1725.750000, 160
TRD, 1726.211538, 160
TRD, 1728.115385, 163
TRD, 1728.153846, 164
TRD, 1728.807692, 159
TRD, 1729.134615, 159
TRD, 1729.576923, 162
TRD, 1729.596154, 153
TRD, 1730.250000, 164
TRD, 1731.115385, 159
TRD, 1732.230769, 164
TRD, 1732.673077, 165
TRD, 1733.961538, 164
TRD, 1734.807692, 165
TRD, 1735.076923, 165
TRD, 1735.269231, 164
TRD, 1735.576923, 162
TRD, 1735.865385, 162
TRD, 1736.384615, 161
TRD, 1736.557692, 163
TRD, 1737.384615, 164
TRD, 1738.096154, 164
TRD, 1738.500000, 162
TRD, 1739.846154, 161
TRD, 1740.153846, 159
TRD, 1741.192308, 164
TRD, 1741.269231, 163
TRD, 1741.576923, 161
TRD, 1741.788462, 159
TRD, 1743.807692, 160
TRD, 1744.211538, 161
TRD, 1744.384615, 161
TRD, 1745.461538, 160
TRD, 1745.807692, 162
TRD, 1746.480769, 158
TRD, 1746.692308, 158
TRD, 1746.846154, 155
TRD, 1747.000000, 164
TRD, 1747.038462, 167
TRD, 1747.076923, 155
TRD, 1748.230769, 156
TRD, 1748.769231, 161
TRD, 1748.961538, 165
TRD, 1749.076923, 155
TRD, 1749.442308, 158
TRD, 1750.269231, 158
TRD, 1750.750000, 161
TRD, 1750.942308, 165
TRD, 1751.000000, 152
TRD, 1751.096154, 152
TRD, 1751.596154, 145
TRD, 1752.576923, 158
TRD, 1753.653846, 155
TRD, 1753.826923, 154
TRD, 1753.942308, 159
TRD, 1755.653846, 155
TRD, 1756.211538, 156
TRD, 1756.480769, 160
TRD, 1756.923077, 162
TRD, 1757.653846, 156
TRD, 1759.326923, 158
TRD, 1759.807692, 156
TRD, 1761.307692, 156
TRD, 1762.480769, 155
TRD, 1763.250000, 154
TRD, 1763.769231, 155
TRD, 1764.000000, 154
TRD, 1764.326923, 155
TRD, 1764.403846, 158
TRD, 1764.711538, 153
TRD, 1764.730769, 154
TRD, 1765.711538, 161
TRD, 1765.750000, 156
TRD, 1767.096154, 158
TRD, 1767.673077, 162
TRD, 1768.076923, 162
TRD, 1768.153846, 163
TRD, 1769.115385, 156
TRD, 1769.480769, 156
TRD, 1771.750000, 163
TRD, 1771.884615, 159
TRD, 1772.538462, 160
TRD, 1773.288462, 161
TRD, 1773.307692, 159
TRD, 1773.596154, 159
TRD, 1773.653846, 163
TRD, 1774.019231, 160
TRD, 1774.134615, 163
TRD, 1774.307692, 164
TRD, 1774.846154, 159
TRD, 1775.038462, 157
TRD, 1775.923077, 159
TRD, 1776.288462, 157
TRD, 1776.903846, 163
TRD, 1777.673077, 165
TRD, 1777.730769, 160
TRD, 1777.788462, 166
TRD, 1777.923077, 158
TRD, 1779.403846, 159
TRD, 1779.903846, 158
TRD, 1780.634615, 163
TRD, 1780.653846, 156
TRD, 1781.153846, 163
TRD, 1782.423077, 165
TRD, 1783.423077, 163
TRD, 1783.538462, 161
TRD, 1783.576923, 165
TRD, 1785.403846, 164
TRD, 1785.884615, 163
TRD, 1786.192308, 164
TRD, 1786.769231, 163
TRD, 1787.000000, 162
TRD, 1788.173077, 161
TRD, 1788.461538, 161
TRD, 1788.596154, 162
TRD, 1788.711538, 161
TRD, 1789.250000, 160
TRD, 1789.480769, 162
TRD, 1790.076923, 156
TRD, 1790.615385, 164
TRD, 1791.903846, 167
TRD, 1792.923077, 167
TRD, 1793.115385, 171
TRD, 1793.192308, 172
TRD, 1793.442308, 170
TRD, 1793.846154, 160
TRD, 1794.461538, 161
TRD, 1794.557692, 154
TRD, 1795.288462, 160
TRD, 1795.403846, 166
TRD, 1796.538462, 158
TRD, 1796.673077, 165
TRD, 1797.865385, 165
TRD, 1798.057692, 161
TRD, 1798.365385, 168
TRD, 1799.942308, 160
TRD, 1801.192308, 159
TRD, 1801.326923, 159
TRD, 1801.346154, 160
TRD, 1801.461538, 155
TRD, 1801.673077, 161
TRD, 1801.903846, 160
TRD, 1802.403846, 154
TRD, 1803.096154, 162
TRD, 1803.269231, 156
TRD, 1803.480769, 164
TRD, 1804.038462, 161
TRD, 1804.134615, 164
TRD, 1804.403846, 158
TRD, 1804.750000, 152
TRD, 1804.788462, 165
TRD, 1806.230769, 156
TRD, 1806.538462, 155
TRD, 1806.903846, 160
TRD, 1807.057692, 155
TRD, 1807.076923, 154
TRD, 1807.096154, 168
TRD, 1808.346154, 160
TRD, 1809.557692, 161
TRD, 1809.903846, 159
TRD, 1809.980769, 155
TRD, 1810.057692, 166
TRD, 1810.211538, 166
TRD, 1811.826923, 159
TRD, 1812.346154, 156
TRD, 1812.884615, 155
TRD, 1814.173077, 157
TRD, 1814.403846, 162
TRD, 1814.519231, 161
TRD, 1814.846154, 157
TRD, 1816.692308, 160
TRD, 1817.288462, 157
TRD, 1817.711538, 163
TRD, 1818.153846, 164
TRD, 1818.192308, 163
TRD, 1819.961538, 167
TRD, 1820.365385, 163
TRD, 1821.134615, 167
TRD, 1821.769231, 163
TRD, 1822.673077, 161
TRD, 1822.730769, 164
TRD, 1823.346154, 165
TRD, 1823.442308, 152
TRD, 1823.711538, 166
TRD, 1824.711538, 163
TRD, 1825.115385, 164
TRD, 1826.173077, 162
TRD, 1826.750000, 160
TRD, 1827.326923, 163
TRD, 1828.346154, 164
TRD, 1829.346154, 166
TRD, 1831.230769, 165
TRD, 1831.442308, 163
TRD, 1831.634615, 165
TRD, 1831.961538, 166
TRD, 1832.250000, 162
TRD, 1832.634615, 162
TRD, 1833.326923, 168
TRD, 1833.692308, 167
TRD, 1834.192308, 160
TRD, 1834.903846, 163
TRD, 1835.615385, 162
TRD, 1835.634615, 163
TRD, 1837.480769, 164
TRD, 1838.230769, 165
TRD, 1838.423077, 163
TRD, 1838.442308, 165
TRD, 1839.038462, 162
TRD, 1839.442308, 163
TRD, 1841.038462, 164
TRD, 1841.269231, 165
TRD, 1841.500000, 163
TRD, 1842.596154, 165
TRD, 1843.211538, 166
TRD, 1843.423077, 166
TRD, 1843.615385, 164
TRD, 1843.750000, 167
TRD, 1844.307692, 163
TRD, 1844.615385, 162
TRD, 1844.750000, 167
TRD, 1844.846154, 163
TRD, 1845.019231, 162
TRD, 1845.442308, 161
TRD, 1845.634615, 159
TRD, 1845.673077, 166
TRD, 1846.884615, 159
TRD, 1846.942308, 169
TRD, 1847.365385, 164
TRD, 1847.423077, 157
TRD, 1847.634615, 156
TRD, 1847.980769, 167
TRD, 1848.846154, 155
TRD, 1849.384615, 154
TRD, 1850.038462, 165
TRD, 1850.288462, 165
TRD, 1851.000000, 166
TRD, 1851.480769, 166
TRD, 1852.153846, 168
TRD, 1852.961538, 167
TRD, 1853.250000, 168
TRD, 1853.442308, 165
TRD, 1854.057692, 169
TRD, 1854.326923, 166
TRD, 1854.692308, 166
TRD, 1855.442308, 172
TRD, 1855.730769, 166
TRD, 1857.576923, 167
TRD, 1858.288462, 165
TRD, 1858.307692, 163
TRD, 1858.384615, 167
TRD, 1858.596154, 166
TRD, 1859.057692, 157
TRD, 1859.500000, 154
TRD, 1860.384615, 166
TRD, 1861.192308, 163
TRD, 1862.038462, 158
TRD, 1862.076923, 157
TRD, 1862.673077, 157
TRD, 1862.884615, 161
TRD, 1863.326923, 164
TRD, 1863.942308, 167
TRD, 1864.153846, 167
TRD, 1864.384615, 176
TRD, 1864.500000, 166
TRD, 1864.538462, 176
TRD, 1865.615385, 167
TRD, 1865.961538, 166
TRD, 1866.038462, 168
TRD, 1866.750000, 168
TRD, 1866.865385, 165
TRD, 1868.346154, 168
TRD, 1869.538462, 161
TRD, 1870.384615, 159
TRD, 1870.730769, 165
TRD, 1871.192308, 167
TRD, 1872.019231, 157
TRD, 1873.211538, 164
TRD, 1873.326923, 165
TRD, 1874.365385, 160
TRD, 1874.423077, 161
TRD, 1874.480769, 159
TRD, 1874.942308, 159
TRD, 1875.019231, 158
TRD, 1875.538462, 160
TRD, 1876.576923, 160
TRD, 1877.134615, 162
TRD, 1877.307692, 166
TRD, 1877.461538, 160
TRD, 1878.288462, 161
TRD, 1878.403846, 159
TRD, 1878.576923, 157
TRD, 1878.730769, 156
TRD, 1878.826923, 156
TRD, 1879.346154, 167
TRD, 1880.269231, 160
TRD, 1880.903846, 167
TRD, 1880.942308, 161
TRD, 1881.173077, 168
TRD, 1881.365385, 157
TRD, 1882.673077, 156
TRD, 1883.576923, 156
TRD, 1884.673077, 161
TRD, 1885.750000, 170
TRD, 1885.903846, 170
TRD, 1886.653846, 164
TRD, 1887.346154, 163
TRD, 1887.634615, 163
TRD, 1888.480769, 164
TRD, 1889.326923, 166
TRD, 1889.423077, 164
TRD, 1889.461538, 167
TRD, 1890.923077, 169
TRD, 1891.211538, 164
TRD, 1892.038462, 163
TRD, 1892.230769, 163
TRD, 1892.557692, 170
TRD, 1892.846154, 165
TRD, 1893.557692, 168
TRD, 1893.596154, 166
TRD, 1895.865385, 164
TRD, 1896.038462, 163
TRD, 1896.269231, 163
TRD, 1896.307692, 164
TRD, 1897.307692, 162
TRD, 1897.903846, 164
TRD, 1898.884615, 163
TRD, 1899.307692, 163
TRD, 1899.500000, 164
TRD, 1899.961538, 164
TRD, 1901.442308, 166
TRD, 1901.961538, 164
TRD, 1902.711538, 162
TRD, 1904.057692, 166
TRD, 1904.480769, 162
TRD, 1904.846154, 166
TRD, 1905.461538, 166
TRD, 1905.846154, 162
TRD, 1906.038462, 161
TRD, 1906.711538, 166
TRD, 1907.307692, 161
TRD, 1907.730769, 167
TRD, 1907.903846, 166
TRD, 1908.403846, 161
TRD, 1909.711538, 165
TRD, 1909.865385, 166
TRD, 1909.961538, 160
TRD, 1910.538462, 169
TRD, 1911.269231, 159
TRD, 1911.365385, 157
TRD, 1911.923077, 160
TRD, 1912.750000, 158
TRD, 1913.057692, 156
TRD, 1913.365385, 157
TRD, 1913.653846, 160
TRD, 1913.865385, 159
TRD, 1915.442308, 160
TRD, 1916.596154, 159
TRD, 1916.634615, 160
TRD, 1917.288462, 162
TRD, 1917.307692, 165
TRD, 1917.423077, 168
TRD, 1918.519231, 159
TRD, 1919.230769, 164
TRD, 1919.673077, 164
TRD, 1920.019231, 168
TRD, 1920.115385, 171
TRD, 1920.673077, 173
TRD, 1920.788462, 166
TRD, 1921.038462, 164
TRD, 1921.211538, 163
TRD, 1921.826923, 164
TRD, 1921.923077, 165
TRD, 1922.442308, 164
TRD, 1922.634615, 169
TRD, 1923.038462, 163
TRD, 1924.019231, 157
TRD, 1925.750000, 161
TRD, 1926.230769, 164
TRD, 1927.250000, 162
TRD, 1927.307692, 163
TRD, 1927.423077, 156
TRD, 1928.519231, 158
TRD, 1928.538462, 157
TRD, 1928.769231, 165
TRD, 1930.269231, 164
TRD, 1931.288462, 163
TRD, 1931.461538, 163
TRD, 1931.557692, 162
TRD, 1932.557692, 161
TRD, 1932.576923, 162
TRD, 1932.769231, 160
TRD, 1933.250000, 156
TRD, 1933.942308, 163
TRD, 1935.288462, 161
TRD, 1935.980769, 163
TRD, 1936.346154, 162
TRD, 1936.980769, 163
TRD, 1937.884615, 164
TRD, 1938.000000, 162
TRD, 1938.807692, 162
TRD, 1940.019231, 162
TRD, 1940.346154, 161
TRD, 1940.538462, 161
TRD, 1941.057692, 163
TRD, 1941.576923, 164
TRD, 1942.711538, 165
TRD, 1943.134615, 167
TRD, 1943.730769, 164
TRD, 1944.403846, 167
TRD, 1944.653846, 164
TRD, 1944.673077, 164
TRD, 1944.903846, 169
TRD, 1945.192308, 164
TRD, 1946.673077, 169
TRD, 1947.000000, 162
TRD, 1948.653846, 163
TRD, 1948.692308, 164
TRD, 1948.769231, 164
TRD, 1948.923077, 161
TRD, 1949.076923, 164
TRD, 1949.211538, 169
TRD, 1949.250000, 158
TRD, 1949.769231, 157
TRD, 1949.788462, 165
TRD, 1950.057692, 166
TRD, 1950.211538, 170
TRD, 1952.576923, 167
TRD, 1952.769231, 167
TRD, 1953.076923, 167
TRD, 1954.134615, 168
TRD, 1954.865385, 168
TRD, 1954.961538, 170
TRD, 1954.980769, 167
TRD, 1955.423077, 169
TRD, 1956.346154, 170
TRD, 1956.634615, 167
TRD, 1956.884615, 164
TRD, 1957.307692, 168
TRD, 1957.750000, 168
TRD, 1957.826923, 168
TRD, 1958.019231, 162
TRD, 1958.576923, 165
TRD, 1958.730769, 169
TRD, 1958.884615, 161
TRD, 1959.365385, 166
TRD, 1960.826923, 168
TRD, 1960.923077, 159
TRD, 1961.096154, 167
TRD, 1961.634615, 157
TRD, 1963.057692, 164
TRD, 1964.576923, 160
TRD, 1964.730769, 161
TRD, 1965.019231, 160
TRD, 1966.057692, 162
TRD, 1966.730769, 162
TRD, 1966.903846, 163
TRD, 1967.038462, 162
TRD, 1967.173077, 161
TRD, 1967.807692, 160
TRD, 1967.846154, 160
TRD, 1968.615385, 159
TRD, 1969.134615, 163
TRD, 1969.442308, 159
TRD, 1970.692308, 159
TRD, 1970.980769, 165
TRD, 1971.480769, 158
TRD, 1973.711538, 157
TRD, 1974.211538, 165
TRD, 1974.788462, 155
TRD, 1975.019231, 156
TRD, 1975.750000, 162
TRD, 1976.134615, 163
TRD, 1976.211538, 155
TRD, 1977.096154, 157
TRD, 1978.500000, 157
TRD, 1978.634615, 159
TRD, 1979.269231, 157
TRD, 1979.384615, 160
TRD, 1979.461538, 160
TRD, 1979.500000, 158
TRD, 1979.788462, 158
TRD, 1979.903846, 159
TRD, 1980.038462, 165
TRD, 1980.211538, 166
TRD, 1980.423077, 166
TRD, 1982.250000, 165
TRD, 1983.115385, 162
TRD, 1983.173077, 160
TRD, 1984.307692, 160
TRD, 1986.269231, 161
TRD, 1986.288462, 159
TRD, 1986.403846, 163
TRD, 1987.288462, 160
TRD, 1987.596154, 159
TRD, 1988.076923, 158
TRD, 1988.519231, 159
TRD, 1988.961538, 161
TRD, 1989.692308, 162
TRD, 1991.153846, 162
TRD, 1992.326923, 164
TRD, 1992.403846, 157
TRD, 1992.442308, 165
TRD, 1992.480769, 155
TRD, 1992.769231, 167
TRD, 1992.846154, 164
TRD, 1993.519231, 154
TRD, 1993.673077, 155
TRD, 1994.750000, 157
TRD, 1995.807692, 161
TRD, 1996.711538, 162
TRD, 1997.403846, 163
TRD, 1997.826923, 164
TRD, 1998.096154, 165
TRD, 1998.673077, 162
TRD, 1999.884615, 161
TRD, 2000.423077, 164
TRD, 2001.403846, 160
TRD, 2001.846154, 164
TRD, 2002.326923, 160
TRD, 2003.480769, 159
TRD, 2004.538462, 159
TRD, 2004.692308, 163
TRD, 2004.750000, 158
TRD, 2005.653846, 167
TRD, 2006.346154, 158
TRD, 2006.653846, 159
TRD, 2007.115385, 160
TRD, 2007.134615, 167
TRD, 2009.192308, 163
TRD, 2009.384615, 163
TRD, 2009.442308, 163
TRD, 2010.326923, 161
TRD, 2010.365385, 159
TRD, 2010.538462, 163
TRD, 2012.115385, 166
TRD, 2012.865385, 165
TRD, 2013.173077, 167
TRD, 2013.403846, 164
TRD, 2014.192308, 168
TRD, 2014.288462, 169
TRD, 2014.403846, 165
TRD, 2014.711538, 163
TRD, 2015.865385, 162
TRD, 2017.096154, 161
TRD, 2017.134615, 160
TRD, 2017.346154, 160
TRD, 2017.538462, 161
TRD, 2018.403846, 158
TRD, 2018.769231, 165
TRD, 2018.865385, 165
TRD, 2018.884615, 165
TRD, 2019.961538, 167
TRD, 2020.865385, 166
TRD, 2021.673077, 164
TRD, 2022.557692, 162
TRD, 2022.769231, 161
TRD, 2023.211538, 160
TRD, 2023.250000, 161
TRD, 2023.557692, 159
TRD, 2024.826923, 159
TRD, 2025.096154, 158
TRD, 2025.134615, 158
TRD, 2025.326923, 159
TRD, 2025.653846, 157
TRD, 2026.673077, 160
TRD, 2027.788462, 162
TRD, 2027.903846, 160
TRD, 2028.153846, 162
TRD, 2029.057692, 165
TRD, 2029.192308, 172
TRD, 2030.961538, 172
TRD, 2031.153846, 173
TRD, 2031.307692, 163
TRD, 2031.403846, 162
TRD, 2032.903846, 173
TRD, 2033.211538, 172
TRD, 2033.461538, 169
TRD, 2033.538462, 172
TRD, 2034.076923, 167
TRD, 2034.346154, 166
TRD, 2034.596154, 158
TRD, 2034.615385, 172
TRD, 2034.826923, 172
TRD, 2035.942308, 165
TRD, 2036.326923, 159
TRD, 2036.942308, 157
TRD, 2037.038462, 162
TRD, 2037.307692, 162
TRD, 2038.019231, 156
TRD, 2038.980769, 155
TRD, 2039.173077, 156
TRD, 2039.576923, 152
TRD, 2040.096154, 160
TRD, 2040.538462, 160
TRD, 2040.942308, 161
TRD, 2041.211538, 158
TRD, 2041.673077, 159
TRD, 2041.942308, 158
TRD, 2042.173077, 157
TRD, 2042.403846, 163
TRD, 2044.423077, 164
TRD, 2044.480769, 164
TRD, 2044.769231, 163
TRD, 2046.153846, 165
TRD, 2046.173077, 166
TRD, 2046.230769, 170
TRD, 2047.423077, 165
TRD, 2047.942308, 165
TRD, 2048.403846, 169
TRD, 2048.461538, 162
TRD, 2049.250000, 160
TRD, 2050.846154, 162
TRD, 2050.903846, 158
TRD, 2051.230769, 163
TRD, 2051.942308, 165
TRD, 2052.000000, 169
TRD, 2052.461538, 162
TRD, 2053.153846, 164
TRD, 2053.596154, 162
TRD, 2054.903846, 164
TRD, 2055.692308, 161
TRD, 2056.173077, 164
TRD, 2056.557692, 162
TRD, 2057.750000, 163
TRD, 2057.846154, 163
TRD, 2057.942308, 166
TRD, 2058.653846, 164
TRD, 2058.788462, 165
TRD, 2059.269231, 164
TRD, 2060.326923, 166
TRD, 2061.288462, 165
TRD, 2062.038462, 165
TRD, 2062.557692, 166
TRD, 2063.076923, 162
TRD, 2064.192308, 161
TRD, 2064.807692, 162
TRD, 2065.557692, 163
TRD, 2067.269231, 161
TRD, 2067.480769, 161
TRD, 2067.500000, 160
TRD, 2067.519231, 159
TRD, 2067.557692, 163
TRD, 2068.096154, 166
TRD, 2068.173077, 167
TRD, 2068.923077, 159
TRD, 2069.076923, 158
TRD, 2069.115385, 161
TRD, 2069.230769, 158
TRD, 2069.269231, 162
TRD, 2069.653846, 157
TRD, 2071.711538, 153
TRD, 2072.019231, 164
TRD, 2072.423077, 152
TRD, 2072.692308, 167
TRD, 2073.269231, 168
TRD, 2073.557692, 168
TRD, 2074.788462, 160
TRD, 2076.403846, 164
TRD, 2076.653846, 165
TRD, 2076.711538, 163
TRD, 2077.230769, 160
TRD, 2077.519231, 160
TRD, 2077.807692, 165
TRD, 2077.884615, 166
TRD, 2078.346154, 168
TRD, 2079.173077, 164
TRD, 2079.615385, 171
TRD, 2079.711538, 171
TRD, 2079.961538, 163
TRD, 2082.057692, 164
TRD, 2082.634615, 162
TRD, 2082.788462, 162
TRD, 2082.923077, 166
TRD, 2084.615385, 165
TRD, 2084.653846, 161
TRD, 2085.346154, 161
TRD, 2085.403846, 166
TRD, 2087.019231, 165
TRD, 2087.480769, 161
TRD, 2087.634615, 162
TRD, 2088.000000, 160
TRD, 2088.365385, 163
TRD, 2088.730769, 160
TRD, 2088.826923, 160
TRD, 2090.000000, 158
TRD, 2090.884615, 163
TRD, 2091.846154, 164
TRD, 2092.115385, 166
TRD, 2092.346154, 167
TRD, 2093.288462, 163
TRD, 2093.596154, 165
TRD, 2094.365385, 165
TRD, 2095.307692, 163
TRD, 2096.038462, 165
TRD, 2096.807692, 163
TRD, 2096.961538, 162
TRD, 2098.057692, 163
TRD, 2099.019231, 162
TRD, 2099.057692, 163
TRD, 2099.673077, 165
TRD, 2100.134615, 168
TRD, 2100.442308, 168
TRD, 2101.211538, 163
TRD, 2101.365385, 169
TRD, 2101.634615, 169
TRD, 2102.307692, 163
TRD, 2103.000000, 164
TRD, 2103.269231, 163
TRD, 2103.865385, 165
TRD, 2105.461538, 164
TRD, 2105.769231, 162
TRD, 2106.346154, 164
TRD, 2107.038462, 160
TRD, 2107.307692, 160
TRD, 2107.442308, 159
TRD, 2108.057692, 159
TRD, 2109.500000, 160
TRD, 2109.826923, 161
TRD, 2110.134615, 158
TRD, 2110.846154, 161
TRD, 2112.596154, 157
TRD, 2112.788462, 159
TRD, 2113.153846, 160
TRD, 2113.423077, 156
TRD, 2113.519231, 161
TRD, 2113.673077, 157
TRD, 2115.442308, 159
TRD, 2115.826923, 162
TRD, 2115.884615, 160
TRD, 2116.288462, 159
TRD, 2116.365385, 164
TRD, 2116.576923, 163
TRD, 2116.653846, 159
TRD, 2116.673077, 164
TRD, 2117.788462, 163
TRD, 2118.480769, 160
TRD, 2118.673077, 161
TRD, 2119.365385, 165
TRD, 2120.192308, 166
TRD, 2120.942308, 164
TRD, 2121.153846, 164
TRD, 2122.153846, 164
TRD, 2122.211538, 163
TRD, 2122.673077, 168
TRD, 2123.096154, 168
TRD, 2123.500000, 170
TRD, 2124.711538, 167
TRD, 2125.923077, 168
TRD, 2125.980769, 169
TRD, 2126.557692, 166
TRD, 2127.230769, 165
TRD, 2127.403846, 163
TRD, 2127.634615, 170
TRD, 2127.750000, 163
TRD, 2128.807692, 163
TRD, 2129.326923, 166
TRD, 2129.557692, 168
TRD, 2129.653846, 166
TRD, 2130.173077, 167
TRD, 2130.365385, 167
TRD, 2131.346154, 166
TRD, 2132.538462, 166
TRD, 2132.923077, 167
TRD, 2133.576923, 166
TRD, 2133.826923, 168
TRD, 2134.903846, 167
TRD, 2136.038462, 170
TRD, 2136.096154, 170
TRD, 2136.788462, 168
TRD, 2136.865385, 166
TRD, 2137.807692, 169
TRD, 2137.942308, 171
TRD, 2138.230769, 166
TRD, 2138.480769, 166
TRD, 2138.865385, 169
TRD, 2139.211538, 169
TRD, 2139.288462, 168
TRD, 2139.500000, 159
TRD, 2140.980769, 161
TRD, 2141.269231, 159
TRD, 2141.307692, 158
TRD, 2142.019231, 166
TRD, 2142.057692, 167
TRD, 2142.365385, 159
TRD, 2143.173077, 168
TRD, 2143.403846, 171
TRD, 2143.423077, 172
TRD, 2144.153846, 169
TRD, 2144.211538, 168
TRD, 2146.192308, 172
TRD, 2146.288462, 167
TRD, 2148.500000, 171
TRD, 2148.788462, 173
TRD, 2149.365385, 173
TRD, 2149.538462, 173
TRD, 2150.096154, 174
TRD, 2150.307692, 172
TRD, 2150.788462, 173
TRD, 2151.403846, 171
TRD, 2152.653846, 171
TRD, 2153.134615, 171
TRD, 2153.480769, 171
TRD, 2153.865385, 171
TRD, 2154.653846, 168
TRD, 2155.096154, 168
TRD, 2155.500000, 168
TRD, 2155.884615, 167
TRD, 2156.192308, 165
TRD, 2156.384615, 167
TRD, 2156.634615, 161
TRD, 2157.076923, 157
TRD, 2157.115385, 164
TRD, 2158.480769, 164
TRD, 2158.750000, 159
TRD, 2159.826923, 165
TRD, 2160.865385, 164
TRD, 2161.923077, 165
TRD, 2162.096154, 166
TRD, 2162.326923, 166
TRD, 2162.442308, 166
TRD, 2163.326923, 169
TRD, 2163.961538, 168
TRD, 2164.211538, 163
TRD, 2165.846154, 166
TRD, 2165.884615, 162
TRD, 2166.211538, 168
TRD, 2166.615385, 170
TRD, 2166.923077, 165
TRD, 2167.269231, 172
TRD, 2168.115385, 168
TRD, 2168.211538, 168
TRD, 2168.346154, 166
TRD, 2168.961538, 170
TRD, 2169.423077, 164
TRD, 2170.480769, 168
TRD, 2170.692308, 164
TRD, 2171.942308, 168
TRD, 2172.346154, 158
TRD, 2173.000000, 159
TRD, 2173.403846, 165
TRD, 2174.211538, 165
TRD, 2175.115385, 165
TRD, 2175.538462, 164
TRD, 2175.557692, 167
TRD, 2175.750000, 169
TRD, 2175.788462, 163
TRD, 2176.846154, 163
TRD, 2178.134615, 164
TRD, 2178.326923, 163
TRD, 2178.769231, 165
TRD, 2179.288462, 161
TRD, 2180.673077, 158
TRD, 2180.961538, 159
TRD, 2181.692308, 159
TRD, 2182.000000, 161
TRD, 2182.634615, 166
TRD, 2184.038462, 158
TRD, 2185.115385, 161
TRD, 2185.134615, 158
TRD, 2185.596154, 164
TRD, 2186.096154, 162
TRD, 2186.134615, 167
TRD, 2186.769231, 160
TRD, 2187.115385, 159
TRD, 2187.423077, 167
TRD, 2187.692308, 168
TRD, 2188.923077, 169
TRD, 2189.076923, 159
TRD, 2189.250000, 169
TRD, 2190.019231, 164
TRD, 2190.096154, 163
TRD, 2190.634615, 170
TRD, 2190.942308, 163
TRD, 2192.096154, 165
TRD, 2192.557692, 166
TRD, 2192.711538, 169
TRD, 2193.096154, 171
TRD, 2193.192308, 164
TRD, 2193.384615, 171
TRD, 2193.596154, 163
TRD, 2195.846154, 170
TRD, 2196.057692, 171
TRD, 2196.153846, 171
TRD, 2196.730769, 169
TRD, 2197.173077, 169
TRD, 2197.192308, 171
TRD, 2197.250000, 172
TRD, 2197.923077, 169
TRD, 2197.942308, 164
TRD, 2200.076923, 171
TRD, 2200.365385, 171
TRD, 2200.730769, 169
TRD, 2200.807692, 167
TRD, 2201.788462, 166
TRD, 2203.000000, 165
TRD, 2203.365385, 166
TRD, 2204.730769, 164
TRD, 2204.846154, 165
TRD, 2205.346154, 162
TRD, 2205.461538, 167
TRD, 2205.500000, 170
TRD, 2207.442308, 166
TRD, 2207.615385, 168
TRD, 2207.807692, 167
TRD, 2208.192308, 168
TRD, 2208.653846, 169
TRD, 2208.711538, 168
TRD, 2209.115385, 164
TRD, 2209.269231, 162
TRD, 2209.769231, 160
TRD, 2211.250000, 164
TRD, 2211.307692, 165
TRD, 2212.096154, 164
TRD, 2212.730769, 170
TRD, 2213.134615, 163
TRD, 2213.153846, 161
TRD, 2214.269231, 163
TRD, 2214.288462, 161
TRD, 2214.769231, 161
TRD, 2214.865385, 160
TRD, 2214.884615, 164
TRD, 2214.961538, 160
TRD, 2217.403846, 166
TRD, 2218.173077, 167
TRD, 2219.230769, 169
TRD, 2220.365385, 163
TRD, 2220.884615, 163
TRD, 2221.423077, 168
TRD, 2221.557692, 170
TRD, 2222.711538, 165
TRD, 2222.730769, 164
TRD, 2223.076923, 162
TRD, 2223.653846, 166
TRD, 2223.846154, 162
TRD, 2224.519231, 160
TRD, 2225.461538, 166
TRD, 2225.961538, 165
TRD, 2226.826923, 166
TRD, 2227.923077, 161
TRD, 2228.326923, 167
TRD, 2228.903846, 163
TRD, 2229.096154, 162
TRD, 2229.230769, 163
TRD, 2230.461538, 164
TRD, 2230.711538, 160
TRD, 2230.769231, 165
TRD, 2230.923077, 161
TRD, 2232.903846, 165
TRD, 2233.192308, 158
TRD, 2234.096154, 159
TRD, 2234.384615, 165
TRD, 2234.788462, 168
TRD, 2235.807692, 168
TRD, 2236.269231, 165
TRD, 2236.634615, 164
TRD, 2236.711538, 163
TRD, 2236.923077, 169
TRD, 2237.269231, 162
TRD, 2238.403846, 168
TRD, 2239.173077, 161
TRD, 2239.192308, 162
TRD, 2239.730769, 166
TRD, 2240.115385, 167
TRD, 2240.865385, 169
TRD, 2241.769231, 168
TRD, 2242.807692, 162
TRD, 2243.019231, 162
TRD, 2243.423077, 165
TRD, 2245.096154, 164
TRD, 2245.115385, 166
TRD, 2245.230769, 162
TRD, 2246.038462, 162
TRD, 2246.423077, 161
TRD, 2246.692308, 163
TRD, 2247.057692, 167
TRD, 2248.192308, 165
TRD, 2248.269231, 166
TRD, 2248.384615, 170
TRD, 2249.557692, 166
TRD, 2249.980769, 168
TRD, 2250.192308, 169
TRD, 2250.673077, 171
TRD, 2250.750000, 163
TRD, 2250.826923, 162
TRD, 2251.615385, 160
TRD, 2252.096154, 177
TRD, 2252.596154, 177
TRD, 2252.692308, 177
TRD, 2253.134615, 177
TRD, 2253.538462, 173
TRD, 2253.576923, 178
TRD, 2253.903846, 173
TRD, 2254.326923, 162
TRD, 2255.269231, 179
TRD, 2256.250000, 167
TRD, 2257.923077, 167
TRD, 2258.403846, 166
TRD, 2259.076923, 164
TRD, 2259.403846, 162
TRD, 2259.980769, 165
TRD, 2260.019231, 172
TRD, 2260.480769, 166
TRD, 2260.673077, 172
TRD, 2261.038462, 167
TRD, 2262.269231, 171
TRD, 2263.269231, 169
TRD, 2265.365385, 168
TRD, 2265.384615, 167
TRD, 2266.038462, 167
TRD, 2266.153846, 167
TRD, 2266.480769, 167
TRD, 2267.346154, 167
TRD, 2267.980769, 170
TRD, 2268.730769, 167
TRD, 2268.807692, 168
TRD, 2268.884615, 167
TRD, 2269.557692, 168
TRD, 2270.673077, 166
TRD, 2272.230769, 166
TRD, 2272.480769, 164
TRD, 2273.269231, 162
TRD, 2273.326923, 160
TRD, 2273.346154, 165
TRD, 2274.115385, 167
TRD, 2274.519231, 164
TRD, 2275.442308, 163
TRD, 2275.557692, 162
TRD, 2276.500000, 167
TRD, 2276.673077, 160
TRD, 2276.730769, 169
TRD, 2277.269231, 162
TRD, 2277.346154, 170
TRD, 2277.653846, 168
TRD, 2277.673077, 167
TRD, 2277.826923, 160
TRD, 2279.730769, 170
TRD, 2280.307692, 168
TRD, 2280.711538, 168
TRD, 2280.846154, 171
TRD, 2281.192308, 167
TRD, 2282.692308, 166
TRD, 2283.173077, 164
TRD, 2283.230769, 165
TRD, 2283.442308, 171
TRD, 2283.500000, 171
TRD, 2283.634615, 168
TRD, 2283.826923, 166
TRD, 2283.942308, 173
TRD, 2285.865385, 171
TRD, 2287.000000, 175
TRD, 2287.019231, 166
TRD, 2288.173077, 166
TRD, 2289.384615, 167
TRD, 2289.961538, 168
TRD, 2290.288462, 168
TRD, 2290.692308, 167
TRD, 2291.211538, 166
TRD, 2292.076923, 165
TRD, 2292.403846, 166
TRD, 2293.134615, 167
TRD, 2293.153846, 170
TRD, 2294.519231, 167
TRD, 2294.692308, 169
TRD, 2295.384615, 165
TRD, 2295.557692, 165
TRD, 2295.884615, 163
TRD, 2295.961538, 169
TRD, 2296.865385, 165
TRD, 2297.480769, 170
TRD, 2297.519231, 165
TRD, 2297.884615, 164
TRD, 2297.903846, 162
TRD, 2298.923077, 165
TRD, 2299.384615, 161
TRD, 2299.519231, 164
TRD, 2300.019231, 163
TRD, 2301.000000, 163
TRD, 2301.269231, 160
TRD, 2301.942308, 163
TRD, 2302.480769, 163
TRD, 2302.730769, 165
TRD, 2302.750000, 169
TRD, 2302.903846, 161
TRD, 2303.019231, 169
TRD, 2303.923077, 160
TRD, 2304.461538, 156
TRD, 2304.923077, 163
TRD, 2305.173077, 153
TRD, 2305.769231, 169
TRD, 2305.961538, 168
TRD, 2306.230769, 153
TRD, 2306.403846, 163
TRD, 2306.692308, 159
TRD, 2307.153846, 164
TRD, 2307.846154, 167
TRD, 2308.384615, 153
TRD, 2308.442308, 168
TRD, 2308.807692, 169
TRD, 2309.038462, 170
TRD, 2309.403846, 163
TRD, 2309.615385, 173
TRD, 2310.096154, 178
TRD, 2310.673077, 176
TRD, 2311.365385, 189
TRD, 2312.211538, 168
TRD, 2312.615385, 170
TRD, 2314.365385, 176
TRD, 2314.442308, 171
TRD, 2314.750000, 168
TRD, 2315.980769, 173
TRD, 2316.346154, 168
TRD, 2316.480769, 167
TRD, 2316.634615, 166
TRD, 2317.057692, 159
TRD, 2318.711538, 167
TRD, 2320.250000, 170
TRD, 2320.557692, 174
TRD, 2320.750000, 165
TRD, 2321.250000, 174
TRD, 2321.480769, 175
TRD, 2321.500000, 166
TRD, 2322.269231, 174
TRD, 2322.346154, 166
TRD, 2323.576923, 166
TRD, 2323.634615, 164
TRD, 2324.634615, 166
TRD, 2325.230769, 166
TRD, 2325.711538, 165
TRD, 2325.788462, 165
TRD, 2326.423077, 164
TRD, 2326.711538, 164
TRD, 2327.096154, 165
TRD, 2327.134615, 168
TRD, 2327.211538, 162
TRD, 2327.557692, 161
TRD, 2328.634615, 165
TRD, 2328.865385, 161
TRD, 2329.019231, 159
TRD, 2329.884615, 154
TRD, 2331.942308, 160
TRD, 2332.192308, 160
TRD, 2332.942308, 158
TRD, 2333.192308, 160
TRD, 2333.461538, 159
TRD, 2333.788462, 159
TRD, 2334.634615, 160
TRD, 2335.538462, 160
TRD, 2336.076923, 158
TRD, 2336.211538, 160
TRD, 2336.884615, 157
TRD, 2337.788462, 158
TRD, 2339.250000, 161
TRD, 2340.230769, 162
TRD, 2341.442308, 165
TRD, 2341.750000, 161
TRD, 2342.384615, 161
TRD, 2342.615385, 158
TRD, 2343.884615, 163
TRD, 2344.192308, 163
TRD, 2345.038462, 162
TRD, 2345.576923, 162
TRD, 2346.403846, 163
TRD, 2346.538462, 165
TRD, 2346.903846, 167
TRD, 2347.192308, 164
TRD, 2347.769231, 166
TRD, 2347.788462, 167
TRD, 2348.230769, 164
TRD, 2348.596154, 160
TRD, 2348.711538, 160
TRD, 2349.750000, 162
TRD, 2349.788462, 167
TRD, 2351.673077, 166
TRD, 2352.346154, 167
TRD, 2352.615385, 162
TRD, 2352.903846, 165
TRD, 2353.173077, 166
TRD, 2353.307692, 160
TRD, 2353.365385, 167
TRD, 2354.903846, 164
TRD, 2355.211538, 167
TRD, 2355.230769, 168
TRD, 2356.076923, 170
TRD, 2356.500000, 174
TRD, 2356.692308, 175
TRD, 2356.942308, 169
TRD, 2357.480769, 174
TRD, 2357.807692, 167
TRD, 2358.057692, 175
TRD, 2358.500000, 172
TRD, 2358.769231, 172
TRD, 2359.615385, 175
TRD, 2359.980769, 170
TRD, 2360.807692, 174
TRD, 2360.826923, 170
TRD, 2361.115385, 175
TRD, 2361.134615, 175
TRD, 2361.269231, 173
TRD, 2361.480769, 168
TRD, 2361.846154, 167
TRD, 2362.461538, 169
TRD, 2362.903846, 168
TRD, 2363.442308, 167
TRD, 2364.769231, 173
TRD, 2365.153846, 171
TRD, 2365.423077, 168
TRD, 2365.519231, 162
TRD, 2366.750000, 163
TRD, 2367.346154, 163
TRD, 2368.173077, 163
TRD, 2368.750000, 162
TRD, 2369.000000, 167
TRD, 2369.211538, 159
TRD, 2369.384615, 168
TRD, 2369.538462, 161
TRD, 2369.826923, 158
TRD, 2372.557692, 159
TRD, 2372.576923, 167
TRD, 2373.000000, 168
TRD, 2374.615385, 158
TRD, 2374.653846, 162
TRD, 2375.250000, 163
TRD, 2376.730769, 160
TRD, 2377.134615, 161
TRD, 2377.153846, 163
TRD, 2377.653846, 161
TRD, 2378.403846, 160
TRD, 2378.423077, 163
TRD, 2379.096154, 158
TRD, 2379.500000, 159
TRD, 2380.211538, 163
TRD, 2380.557692, 161
TRD, 2381.557692, 160
TRD, 2381.634615, 160
TRD, 2382.596154, 160
TRD, 2382.884615, 161
TRD, 2383.134615, 163
TRD, 2384.346154, 161
TRD, 2385.134615, 165
TRD, 2385.846154, 166
TRD, 2386.211538, 161
TRD, 2387.480769, 172
TRD, 2388.557692, 164
TRD, 2388.692308, 164
TRD, 2388.730769, 163
TRD, 2388.884615, 170
TRD, 2389.173077, 160
TRD, 2390.038462, 166
TRD, 2390.269231, 172
TRD, 2390.711538, 172
TRD, 2391.153846, 174
TRD, 2392.442308, 170
TRD, 2392.865385, 173
TRD, 2394.211538, 171
TRD, 2394.557692, 170
TRD, 2394.692308, 169
TRD, 2394.980769, 161
TRD, 2395.230769, 165
TRD, 2396.557692, 163
TRD, 2396.942308, 164
TRD, 2399.000000, 162
TRD, 2399.076923, 162
TRD, 2399.173077, 163
TRD, 2399.326923, 163
TRD, 2399.403846, 164
TRD, 2400.807692, 167
TRD, 2401.057692, 167
TRD, 2401.903846, 164
TRD, 2403.865385, 161
TRD, 2404.096154, 159
TRD, 2404.115385, 159
TRD, 2404.211538, 164
TRD, 2404.557692, 167
TRD, 2404.711538, 169
TRD, 2405.500000, 160
TRD, 2405.826923, 165
TRD, 2406.076923, 159
TRD, 2406.865385, 166
TRD, 2407.346154, 167
TRD, 2407.403846, 162
TRD, 2407.480769, 158
TRD, 2407.846154, 157
TRD, 2407.865385, 169
TRD, 2408.365385, 155
TRD, 2410.807692, 169
TRD, 2411.192308, 168
TRD, 2411.288462, 165
TRD, 2411.384615, 170
TRD, 2412.153846, 170
TRD, 2412.711538, 170
TRD, 2413.307692, 167
TRD, 2413.423077, 173
TRD, 2415.403846, 164
TRD, 2415.769231, 166
TRD, 2416.230769, 171
TRD, 2416.615385, 165
TRD, 2416.730769, 165
TRD, 2418.153846, 169
TRD, 2418.173077, 167
TRD, 2418.711538, 167
TRD, 2420.461538, 168
TRD, 2420.615385, 168
TRD, 2420.692308, 167
TRD, 2421.115385, 166
TRD, 2421.134615, 166
TRD, 2421.480769, 167
TRD, 2422.365385, 166
TRD, 2422.519231, 165
TRD, 2423.057692, 168
TRD, 2424.480769, 168
TRD, 2424.653846, 165
TRD, 2425.000000, 165
TRD, 2425.307692, 169
TRD, 2426.557692, 166
TRD, 2427.288462, 166
TRD, 2427.730769, 166
TRD, 2427.961538, 167
TRD, 2428.711538, 167
TRD, 2428.903846, 167
TRD, 2429.653846, 165
TRD, 2431.519231, 166
TRD, 2431.615385, 167
TRD, 2431.807692, 164
TRD, 2431.826923, 171
TRD, 2431.865385, 163
TRD, 2433.288462, 163
TRD, 2433.500000, 162
TRD, 2433.846154, 163
TRD, 2433.903846, 161
TRD, 2434.019231, 164
TRD, 2434.692308, 164
TRD, 2434.903846, 165
TRD, 2437.826923, 160
TRD, 2438.230769, 160
TRD, 2438.538462, 162
TRD, 2438.807692, 159
TRD, 2439.115385, 164
TRD, 2439.326923, 164
TRD, 2439.500000, 158
TRD, 2440.307692, 165
TRD, 2440.480769, 161
TRD, 2441.307692, 160
TRD, 2441.403846, 165
TRD, 2442.442308, 160
TRD, 2443.461538, 165
TRD, 2443.596154, 169
TRD, 2444.230769, 162
TRD, 2444.750000, 162
TRD, 2445.115385, 161
TRD, 2446.307692, 161
TRD, 2446.903846, 160
TRD, 2447.615385, 163
TRD, 2448.903846, 160
TRD, 2449.307692, 159
TRD, 2449.326923, 160
TRD, 2449.807692, 159
TRD, 2450.173077, 162
TRD, 2450.326923, 169
TRD, 2450.634615, 166
TRD, 2450.769231, 169
TRD, 2450.942308, 170
TRD, 2452.057692, 164
TRD, 2453.057692, 164
TRD, 2453.096154, 165
TRD, 2454.153846, 164
TRD, 2455.019231, 166
TRD, 2455.269231, 163
TRD, 2455.653846, 159
TRD, 2455.942308, 164
TRD, 2456.115385, 166
TRD, 2457.250000, 167
TRD, 2458.153846, 165
TRD, 2458.307692, 169
TRD, 2460.096154, 162
TRD, 2461.173077, 164
TRD, 2461.192308, 159
TRD, 2462.442308, 160
TRD, 2462.750000, 157
TRD, 2462.846154, 159
TRD, 2463.326923, 156
TRD, 2463.480769, 158
TRD, 2463.711538, 158
TRD, 2464.076923, 160
TRD, 2465.038462, 160
TRD, 2465.250000, 165
TRD, 2465.788462, 160
TRD, 2465.846154, 167
TRD, 2466.461538, 162
TRD, 2467.115385, 170
TRD, 2467.365385, 173
TRD, 2468.057692, 168
TRD, 2468.442308, 166
TRD, 2468.538462, 158
TRD, 2469.211538, 165
TRD, 2469.865385, 166
TRD, 2470.538462, 175
TRD, 2470.576923, 164
TRD, 2470.903846, 164
TRD, 2472.134615, 165
TRD, 2472.596154, 167
TRD, 2473.211538, 163
TRD, 2473.230769, 164
TRD, 2473.365385, 166
TRD, 2473.442308, 167
TRD, 2474.019231, 170
TRD, 2474.153846, 173
TRD, 2474.538462, 163
TRD, 2474.653846, 156
TRD, 2474.769231, 159
