TRD, 2.395349, 92
TRD, 3.209302, 74
TRD, 3.906977, 72
TRD, 5.976744, 100
TRD, 6.651163, 111
TRD, 7.860465, 111
TRD, 8.976744, 109
TRD, 10.302326, 111
TRD, 10.418605, 108
TRD, 10.511628, 111
TRD, 13.093023, 101
TRD, 13.395349, 103
TRD, 13.906977, 111
TRD, 14.279070, 117
TRD, 14.302326, 118
TRD, 14.651163, 109
TRD, 16.488372, 110
TRD, 18.465116, 109
TRD, 19.325581, 108
TRD, 20.558140, 103
TRD, 21.813953, 103
TRD, 22.186047, 110
TRD, 23.000000, 105
TRD, 23.255814, 118
TRD, 23.627907, 102
TRD, 24.883721, 103
TRD, 24.976744, 107
TRD, 25.302326, 109
TRD, 28.023256, 102
TRD, 28.813953, 104
TRD, 28.860465, 105
TRD, 29.813953, 105
TRD, 30.697674, 118
TRD, 32.186047, 109
TRD, 35.093023, 118
TRD, 36.302326, 104
TRD, 37.558140, 103
TRD, 40.348837, 95
TRD, 40.581395, 99
TRD, 41.395349, 96
TRD, 41.534884, 96
TRD, 42.558140, 96
TRD, 42.790698, 97
TRD, 43.441860, 97
TRD, 43.697674, 100
TRD, 43.837209, 118
TRD, 44.581395, 95
TRD, 46.697674, 106
TRD, 47.139535, 120
TRD, 48.976744, 108
TRD, 49.209302, 107
TRD, 50.069767, 109
TRD, 50.860465, 111
TRD, 51.558140, 117
TRD, 52.093023, 110
TRD, 53.162791, 110
TRD, 55.279070, 109
TRD, 57.790698, 105
TRD, 58.186047, 105
TRD, 58.325581, 106
TRD, 58.767442, 103
TRD, 60.069767, 104
TRD, 61.418605, 106
TRD, 61.674419, 108
TRD, 63.488372, 106
TRD, 63.558140, 107
TRD, 63.697674, 103
TRD, 64.790698, 110
TRD, 65.465116, 90
TRD, 67.744186, 100
TRD, 70.116279, 105
TRD, 70.767442, 107
TRD, 72.790698, 106
TRD, 73.162791, 103
TRD, 73.558140, 106
TRD, 74.255814, 117
TRD, 75.093023, 117
TRD, 77.046512, 112
TRD, 78.534884, 109
TRD, 80.186047, 108
TRD, 80.534884, 109
TRD, 81.023256, 108
TRD, 81.465116, 118
TRD, 82.162791, 121
TRD, 84.162791, 104
TRD, 84.488372, 112
TRD, 86.023256, 106
TRD, 87.162791, 108
TRD, 87.906977, 108
TRD, 88.116279, 108
TRD, 89.790698, 108
TRD, 90.744186, 105
TRD, 91.209302, 105
TRD, 93.860465, 104
TRD, 95.651163, 105
TRD, 95.720930, 105
TRD, 97.697674, 105
TRD, 98.906977, 118
TRD, 99.767442, 105
TRD, 100.093023, 103
TRD, 101.651163, 104
TRD, 102.046512, 106
TRD, 102.674419, 108
TRD, 102.790698, 100
TRD, 103.441860, 95
TRD, 104.883721, 117
TRD, 105.395349, 110
TRD, 105.744186, 118
TRD, 106.697674, 111
TRD, 107.767442, 114
TRD, 108.860465, 115
TRD, 109.837209, 113
TRD, 110.325581, 112
TRD, 111.162791, 109
TRD, 111.279070, 119
TRD, 114.279070, 111
TRD, 114.720930, 110
TRD, 115.186047, 110
TRD, 115.302326, 110
TRD, 115.790698, 109
TRD, 117.511628, 110
TRD, 118.627907, 103
TRD, 122.348837, 109
TRD, 122.627907, 106
TRD, 122.651163, 110
TRD, 123.720930, 114
TRD, 124.697674, 109
TRD, 126.302326, 108
TRD, 126.441860, 100
TRD, 126.604651, 109
TRD, 128.302326, 97
TRD, 130.883721, 104
TRD, 131.232558, 103
TRD, 132.348837, 102
TRD, 132.790698, 103
TRD, 132.930233, 102
TRD, 135.162791, 107
TRD, 135.232558, 103
TRD, 136.720930, 104
TRD, 137.790698, 103
TRD, 138.720930, 104
TRD, 139.069767, 103
TRD, 139.930233, 100
TRD, 141.139535, 102
TRD, 142.372093, 101
TRD, 144.953488, 100
TRD, 146.465116, 100
TRD, 147.279070, 102
TRD, 147.651163, 111
TRD, 148.581395, 118
TRD, 150.302326, 110
TRD, 150.534884, 109
TRD, 151.000000, 105
TRD, 151.883721, 108
TRD, 152.511628, 107
TRD, 153.837209, 103
TRD, 153.930233, 105
TRD, 155.511628, 105
TRD, 157.604651, 104
TRD, 157.697674, 103
TRD, 159.209302, 102
TRD, 160.348837, 102
TRD, 161.279070, 103
TRD, 163.093023, 109
TRD, 164.162791, 118
TRD, 164.302326, 110
TRD, 165.209302, 109
TRD, 166.813953, 123
TRD, 166.953488, 110
TRD, 168.372093, 110
TRD, 169.000000, 109
TRD, 169.093023, 110
TRD, 169.302326, 100
TRD, 171.558140, 101
TRD, 171.790698, 111
TRD, 172.186047, 115
TRD, 172.581395, 95
TRD, 172.604651, 90
TRD, 176.767442, 115
TRD, 177.372093, 114
TRD, 177.488372, 114
TRD, 178.069767, 118
TRD, 178.395349, 113
TRD, 178.674419, 123
TRD, 180.441860, 121
TRD, 182.209302, 117
TRD, 183.790698, 114
TRD, 184.116279, 111
TRD, 184.325581, 109
TRD, 184.674419, 128
TRD, 186.558140, 112
TRD, 186.813953, 113
TRD, 187.279070, 112
TRD, 188.116279, 111
TRD, 188.604651, 113
TRD, 192.325581, 107
TRD, 193.534884, 107
TRD, 193.627907, 106
TRD, 193.860465, 103
TRD, 195.744186, 105
TRD, 196.093023, 105
TRD, 197.232558, 104
TRD, 199.511628, 105
TRD, 200.465116, 104
TRD, 200.674419, 105
TRD, 200.860465, 103
TRD, 201.534884, 123
TRD, 203.046512, 122
TRD, 204.930233, 121
TRD, 205.465116, 120
TRD, 208.441860, 116
TRD, 210.093023, 110
TRD, 210.279070, 112
TRD, 210.837209, 111
TRD, 211.116279, 109
TRD, 213.023256, 103
TRD, 213.465116, 100
TRD, 213.953488, 101
TRD, 214.744186, 103
TRD, 214.930233, 96
TRD, 215.116279, 103
TRD, 215.604651, 95
TRD, 215.767442, 104
TRD, 217.488372, 135
TRD, 219.209302, 113
TRD, 220.813953, 113
TRD, 223.930233, 105
TRD, 224.000000, 109
TRD, 224.837209, 108
TRD, 225.000000, 103
TRD, 226.116279, 100
TRD, 227.069767, 103
TRD, 227.651163, 106
TRD, 229.511628, 99
TRD, 230.162791, 92
TRD, 230.348837, 100
TRD, 230.813953, 118
TRD, 232.883721, 107
TRD, 234.093023, 109
TRD, 234.348837, 110
TRD, 234.860465, 109
TRD, 238.930233, 109
TRD, 239.279070, 108
TRD, 239.558140, 118
TRD, 239.976744, 108
TRD, 240.930233, 103
TRD, 242.581395, 106
TRD, 242.837209, 105
TRD, 243.139535, 108
TRD, 243.860465, 107
TRD, 245.232558, 103
TRD, 245.837209, 102
TRD, 246.209302, 100
TRD, 246.511628, 107
TRD, 249.139535, 109
TRD, 251.162791, 111
TRD, 251.581395, 111
TRD, 252.790698, 109
TRD, 253.767442, 109
TRD, 255.325581, 118
TRD, 255.767442, 100
TRD, 256.255814, 96
TRD, 257.348837, 123
TRD, 258.790698, 108
TRD, 259.953488, 108
TRD, 260.093023, 109
TRD, 261.255814, 107
TRD, 262.093023, 108
TRD, 263.627907, 106
TRD, 263.837209, 106
TRD, 264.418605, 106
TRD, 264.744186, 106
TRD, 265.279070, 103
TRD, 266.558140, 95
TRD, 267.860465, 109
TRD, 267.953488, 108
TRD, 271.023256, 115
TRD, 272.302326, 110
TRD, 272.651163, 111
TRD, 273.813953, 113
TRD, 274.441860, 118
TRD, 274.953488, 112
TRD, 275.302326, 112
TRD, 277.325581, 109
TRD, 277.906977, 112
TRD, 278.209302, 109
TRD, 280.069767, 110
TRD, 280.441860, 109
TRD, 281.139535, 108
TRD, 282.651163, 107
TRD, 283.186047, 107
TRD, 283.348837, 108
TRD, 286.279070, 103
TRD, 286.720930, 100
TRD, 287.558140, 103
TRD, 288.697674, 100
TRD, 289.302326, 101
TRD, 290.255814, 101
TRD, 290.395349, 100
TRD, 291.627907, 100
TRD, 292.302326, 118
TRD, 292.883721, 123
TRD, 293.279070, 98
TRD, 293.837209, 126
TRD, 294.953488, 122
TRD, 295.093023, 120
TRD, 296.441860, 116
TRD, 297.976744, 110
TRD, 298.000000, 109
TRD, 300.069767, 110
TRD, 300.441860, 110
TRD, 301.697674, 109
TRD, 303.976744, 108
TRD, 304.906977, 108
TRD, 305.209302, 107
TRD, 305.488372, 109
TRD, 307.162791, 108
TRD, 307.767442, 108
TRD, 308.162791, 109
TRD, 308.534884, 110
TRD, 312.139535, 107
TRD, 312.581395, 107
TRD, 314.023256, 103
TRD, 314.906977, 106
TRD, 317.069767, 102
TRD, 317.116279, 104
TRD, 319.093023, 101
TRD, 319.232558, 100
TRD, 319.581395, 100
TRD, 320.000000, 102
TRD, 321.604651, 100
TRD, 321.930233, 100
TRD, 322.232558, 100
TRD, 322.930233, 99
TRD, 323.627907, 100
TRD, 324.232558, 100
TRD, 324.744186, 99
TRD, 325.186047, 102
TRD, 326.883721, 101
TRD, 327.744186, 110
TRD, 329.209302, 109
TRD, 330.232558, 107
TRD, 332.069767, 106
TRD, 332.767442, 103
TRD, 333.976744, 106
TRD, 337.093023, 105
TRD, 338.418605, 105
TRD, 339.279070, 105
TRD, 340.581395, 102
TRD, 340.813953, 103
TRD, 340.930233, 105
TRD, 342.697674, 111
TRD, 342.906977, 117
TRD, 345.511628, 113
TRD, 345.534884, 117
TRD, 346.372093, 117
TRD, 346.674419, 118
TRD, 348.325581, 110
TRD, 348.511628, 109
TRD, 349.744186, 116
TRD, 351.116279, 112
TRD, 352.325581, 110
TRD, 352.418605, 101
TRD, 353.395349, 106
TRD, 353.790698, 106
TRD, 353.906977, 105
TRD, 355.534884, 111
TRD, 356.720930, 108
TRD, 357.465116, 109
TRD, 358.930233, 103
TRD, 359.697674, 104
TRD, 360.069767, 100
TRD, 361.116279, 107
TRD, 362.139535, 106
TRD, 362.465116, 105
TRD, 362.744186, 118
TRD, 363.883721, 109
TRD, 366.302326, 108
TRD, 367.720930, 108
TRD, 370.139535, 105
TRD, 370.348837, 105
TRD, 371.139535, 103
TRD, 371.720930, 103
TRD, 374.232558, 103
TRD, 374.906977, 102
TRD, 375.395349, 100
TRD, 375.953488, 101
TRD, 376.976744, 101
TRD, 377.000000, 102
TRD, 378.720930, 95
TRD, 381.767442, 97
TRD, 382.627907, 97
TRD, 382.813953, 97
TRD, 382.837209, 96
TRD, 383.162791, 96
TRD, 383.441860, 95
TRD, 384.418605, 95
TRD, 384.651163, 97
TRD, 385.302326, 97
TRD, 386.232558, 97
TRD, 387.116279, 97
TRD, 387.813953, 117
TRD, 391.813953, 102
TRD, 391.906977, 102
TRD, 392.488372, 102
TRD, 392.651163, 102
TRD, 392.906977, 101
TRD, 392.930233, 99
TRD, 393.465116, 118
TRD, 393.488372, 123
TRD, 394.000000, 114
TRD, 397.534884, 96
TRD, 397.651163, 95
TRD, 399.558140, 93
TRD, 400.279070, 94
TRD, 401.651163, 94
TRD, 403.116279, 98
TRD, 403.186047, 97
TRD, 404.046512, 102
TRD, 404.325581, 100
TRD, 404.348837, 97
TRD, 404.883721, 118
TRD, 405.953488, 123
TRD, 406.186047, 87
TRD, 408.418605, 109
TRD, 409.697674, 123
TRD, 411.023256, 113
TRD, 412.511628, 115
TRD, 413.534884, 115
TRD, 415.627907, 112
TRD, 416.883721, 111
TRD, 418.627907, 109
TRD, 419.000000, 101
TRD, 419.186047, 111
TRD, 419.418605, 110
TRD, 421.837209, 108
TRD, 423.093023, 107
TRD, 423.116279, 106
TRD, 424.534884, 108
TRD, 425.046512, 106
TRD, 425.209302, 115
TRD, 425.837209, 110
TRD, 426.488372, 118
TRD, 427.000000, 110
TRD, 428.395349, 107
TRD, 432.162791, 110
TRD, 432.604651, 108
TRD, 432.953488, 109
TRD, 433.255814, 105
TRD, 433.465116, 103
TRD, 433.651163, 108
TRD, 434.046512, 100
TRD, 434.604651, 108
TRD, 437.069767, 100
TRD, 437.279070, 100
TRD, 440.279070, 101
TRD, 440.372093, 102
TRD, 441.558140, 117
TRD, 441.651163, 118
TRD, 442.116279, 118
TRD, 444.627907, 122
TRD, 446.325581, 118
TRD, 446.348837, 121
TRD, 446.558140, 113
TRD, 447.651163, 111
TRD, 448.930233, 120
TRD, 449.372093, 121
TRD, 449.651163, 118
TRD, 449.976744, 113
TRD, 451.883721, 112
TRD, 452.232558, 116
TRD, 454.162791, 109
TRD, 454.953488, 103
TRD, 456.767442, 104
TRD, 457.023256, 103
TRD, 458.581395, 103
TRD, 458.651163, 103
TRD, 459.023256, 102
TRD, 460.697674, 102
TRD, 461.534884, 101
TRD, 462.046512, 100
TRD, 462.674419, 95
TRD, 463.511628, 101
TRD, 465.023256, 102
TRD, 465.209302, 118
TRD, 465.883721, 105
TRD, 467.627907, 106
TRD, 467.744186, 118
TRD, 468.255814, 116
TRD, 469.395349, 102
TRD, 470.837209, 108
TRD, 471.232558, 102
TRD, 471.697674, 107
TRD, 472.837209, 106
TRD, 473.767442, 103
TRD, 473.883721, 100
TRD, 474.069767, 102
TRD, 476.186047, 102
TRD, 476.697674, 102
TRD, 476.720930, 118
TRD, 477.348837, 100
TRD, 478.558140, 106
TRD, 480.069767, 107
TRD, 480.441860, 105
TRD, 481.046512, 105
TRD, 483.069767, 105
TRD, 484.000000, 112
TRD, 484.767442, 113
TRD, 488.790698, 113
TRD, 488.837209, 113
TRD, 489.558140, 111
TRD, 490.139535, 109
TRD, 491.116279, 103
TRD, 491.906977, 118
TRD, 492.906977, 116
TRD, 493.953488, 123
TRD, 494.767442, 111
TRD, 495.627907, 114
TRD, 496.744186, 111
TRD, 499.418605, 103
TRD, 499.720930, 103
TRD, 499.953488, 104
TRD, 500.093023, 102
TRD, 500.604651, 104
TRD, 501.627907, 104
TRD, 501.860465, 104
TRD, 502.023256, 100
TRD, 504.069767, 118
TRD, 504.279070, 113
TRD, 504.767442, 111
TRD, 505.790698, 109
TRD, 506.139535, 100
TRD, 508.790698, 105
TRD, 509.395349, 116
TRD, 509.860465, 106
TRD, 511.651163, 109
TRD, 512.023256, 109
TRD, 512.255814, 107
TRD, 512.581395, 109
TRD, 513.581395, 109
TRD, 515.581395, 106
TRD, 516.651163, 106
TRD, 516.720930, 103
TRD, 518.162791, 105
TRD, 519.651163, 105
TRD, 519.720930, 104
TRD, 520.348837, 104
TRD, 520.395349, 103
TRD, 521.651163, 102
TRD, 523.651163, 102
TRD, 525.558140, 101
TRD, 526.813953, 100
TRD, 527.581395, 95
TRD, 527.697674, 101
TRD, 528.511628, 102
TRD, 528.651163, 101
TRD, 528.767442, 115
TRD, 530.186047, 96
TRD, 531.883721, 102
TRD, 533.697674, 98
TRD, 534.627907, 99
TRD, 534.651163, 99
TRD, 535.558140, 118
TRD, 535.697674, 106
TRD, 536.767442, 123
TRD, 537.488372, 115
TRD, 538.441860, 112
TRD, 538.604651, 123
TRD, 540.813953, 100
TRD, 541.511628, 102
TRD, 542.697674, 102
TRD, 543.627907, 99
TRD, 544.162791, 102
TRD, 544.232558, 102
TRD, 544.744186, 100
TRD, 545.604651, 100
TRD, 546.930233, 102
TRD, 547.418605, 100
TRD, 548.883721, 99
TRD, 550.418605, 96
TRD, 550.953488, 98
TRD, 551.674419, 98
TRD, 551.837209, 97
TRD, 552.395349, 98
TRD, 554.418605, 98
TRD, 554.697674, 98
TRD, 555.046512, 98
TRD, 556.023256, 118
TRD, 556.279070, 122
TRD, 556.325581, 97
TRD, 557.651163, 100
TRD, 558.697674, 108
TRD, 560.604651, 95
TRD, 564.093023, 103
TRD, 564.720930, 103
TRD, 565.023256, 104
TRD, 566.813953, 104
TRD, 567.813953, 102
TRD, 568.023256, 102
TRD, 569.302326, 102
TRD, 569.883721, 100
TRD, 570.581395, 103
TRD, 571.162791, 118
TRD, 572.581395, 100
TRD, 572.697674, 104
TRD, 573.953488, 100
TRD, 576.906977, 98
TRD, 577.674419, 98
TRD, 578.000000, 98
TRD, 578.348837, 100
TRD, 578.581395, 118
TRD, 578.744186, 98
TRD, 579.581395, 102
TRD, 579.953488, 95
TRD, 581.534884, 95
TRD, 583.232558, 94
TRD, 583.302326, 94
TRD, 584.534884, 93
TRD, 585.581395, 90
TRD, 587.465116, 91
TRD, 587.604651, 90
TRD, 588.558140, 91
TRD, 588.860465, 91
TRD, 590.953488, 97
TRD, 591.279070, 102
TRD, 591.488372, 103
TRD, 591.627907, 100
TRD, 591.674419, 118
TRD, 593.232558, 102
TRD, 593.348837, 102
TRD, 593.790698, 123
TRD, 596.255814, 104
TRD, 596.930233, 104
TRD, 597.558140, 104
TRD, 597.697674, 103
TRD, 598.674419, 103
TRD, 600.720930, 102
TRD, 602.116279, 104
TRD, 602.976744, 104
TRD, 603.209302, 106
TRD, 603.534884, 114
TRD, 605.418605, 113
TRD, 608.116279, 112
TRD, 609.906977, 109
TRD, 610.186047, 113
TRD, 610.325581, 102
TRD, 610.813953, 118
TRD, 613.186047, 108
TRD, 614.953488, 112
TRD, 615.813953, 107
TRD, 617.860465, 111
TRD, 619.232558, 100
TRD, 619.837209, 105
TRD, 620.674419, 103
TRD, 621.325581, 102
TRD, 621.418605, 102
TRD, 622.674419, 102
TRD, 622.837209, 101
TRD, 624.116279, 102
TRD, 624.930233, 100
TRD, 626.953488, 100
TRD, 628.465116, 99
TRD, 629.860465, 100
TRD, 630.000000, 100
TRD, 630.302326, 100
TRD, 630.790698, 100
TRD, 631.465116, 102
TRD, 632.651163, 102
TRD, 633.418605, 100
TRD, 633.558140, 100
TRD, 635.581395, 101
TRD, 635.813953, 101
TRD, 636.813953, 109
TRD, 637.534884, 103
TRD, 638.488372, 95
TRD, 639.441860, 112
TRD, 640.116279, 113
TRD, 640.279070, 118
TRD, 640.953488, 110
TRD, 642.581395, 108
TRD, 642.930233, 109
TRD, 643.744186, 106
TRD, 644.069767, 122
TRD, 647.697674, 107
TRD, 648.418605, 107
TRD, 649.581395, 107
TRD, 650.488372, 103
TRD, 650.534884, 108
TRD, 651.348837, 108
TRD, 651.627907, 108
TRD, 652.488372, 107
TRD, 653.000000, 100
TRD, 653.069767, 107
TRD, 656.046512, 104
TRD, 656.325581, 106
TRD, 656.790698, 106
TRD, 657.558140, 115
TRD, 657.767442, 118
TRD, 658.720930, 100
TRD, 659.069767, 95
TRD, 659.976744, 101
TRD, 661.302326, 99
TRD, 661.441860, 87
TRD, 662.627907, 100
TRD, 663.627907, 100
TRD, 664.674419, 109
TRD, 665.860465, 97
TRD, 665.976744, 102
TRD, 667.767442, 118
TRD, 668.139535, 118
TRD, 668.465116, 120
TRD, 669.488372, 122
TRD, 669.906977, 120
TRD, 670.186047, 119
TRD, 670.581395, 109
TRD, 675.302326, 105
TRD, 675.790698, 105
TRD, 676.162791, 106
TRD, 676.255814, 107
TRD, 676.581395, 118
TRD, 678.162791, 123
TRD, 678.534884, 122
TRD, 679.790698, 113
TRD, 683.069767, 116
TRD, 683.372093, 121
TRD, 683.418605, 109
TRD, 683.976744, 105
TRD, 684.860465, 117
TRD, 685.023256, 103
TRD, 685.767442, 100
TRD, 686.093023, 113
TRD, 687.093023, 110
TRD, 689.186047, 110
TRD, 690.651163, 110
TRD, 691.116279, 109
TRD, 691.511628, 109
TRD, 695.023256, 107
TRD, 696.860465, 108
TRD, 697.767442, 108
TRD, 698.720930, 108
TRD, 699.069767, 108
TRD, 699.790698, 109
TRD, 699.837209, 107
TRD, 700.418605, 118
TRD, 701.279070, 108
TRD, 701.953488, 108
TRD, 702.604651, 109
TRD, 706.302326, 103
TRD, 707.000000, 105
TRD, 707.302326, 105
TRD, 709.046512, 109
TRD, 709.232558, 109
TRD, 710.023256, 111
TRD, 711.069767, 116
TRD, 711.302326, 115
TRD, 711.325581, 115
TRD, 711.651163, 113
TRD, 714.093023, 103
TRD, 714.674419, 111
TRD, 715.906977, 101
TRD, 716.767442, 100
TRD, 716.837209, 107
TRD, 718.558140, 104
TRD, 720.744186, 100
TRD, 721.418605, 101
TRD, 721.465116, 101
TRD, 721.744186, 95
TRD, 722.534884, 100
TRD, 723.627907, 100
TRD, 724.488372, 102
TRD, 725.558140, 118
TRD, 727.627907, 121
TRD, 728.627907, 113
TRD, 728.767442, 112
TRD, 729.139535, 111
TRD, 729.604651, 103
TRD, 729.906977, 109
TRD, 732.488372, 104
TRD, 732.906977, 103
TRD, 733.186047, 108
TRD, 734.813953, 104
TRD, 734.860465, 118
TRD, 735.279070, 102
TRD, 736.860465, 119
TRD, 737.139535, 109
TRD, 738.674419, 109
TRD, 740.000000, 108
TRD, 740.697674, 107
TRD, 741.813953, 106
TRD, 742.093023, 105
TRD, 743.093023, 106
TRD, 743.209302, 103
TRD, 743.511628, 95
TRD, 744.395349, 100
TRD, 744.697674, 106
TRD, 744.906977, 105
TRD, 746.558140, 117
TRD, 748.000000, 114
TRD, 749.767442, 113
TRD, 749.976744, 112
TRD, 751.767442, 100
TRD, 751.790698, 115
TRD, 752.418605, 118
TRD, 753.674419, 109
TRD, 754.093023, 122
TRD, 755.139535, 116
TRD, 755.488372, 117
TRD, 755.837209, 122
TRD, 758.790698, 118
TRD, 759.093023, 113
TRD, 760.372093, 115
TRD, 761.093023, 112
TRD, 762.325581, 112
TRD, 764.069767, 113
TRD, 766.093023, 113
TRD, 766.186047, 113
TRD, 767.581395, 111
TRD, 768.767442, 112
TRD, 769.720930, 109
TRD, 772.581395, 111
TRD, 773.209302, 109
TRD, 774.139535, 102
TRD, 774.209302, 110
TRD, 774.651163, 108
TRD, 774.883721, 100
TRD, 775.046512, 109
TRD, 776.790698, 107
TRD, 777.093023, 107
TRD, 777.139535, 107
TRD, 778.581395, 107
TRD, 778.651163, 104
TRD, 779.906977, 103
TRD, 780.627907, 104
TRD, 781.906977, 100
TRD, 782.511628, 101
TRD, 783.511628, 100
TRD, 785.093023, 95
TRD, 785.279070, 96
TRD, 786.000000, 90
TRD, 786.581395, 97
TRD, 786.883721, 93
TRD, 789.465116, 109
TRD, 790.395349, 107
TRD, 790.651163, 103
TRD, 791.860465, 100
TRD, 793.372093, 99
TRD, 793.674419, 98
TRD, 794.372093, 101
TRD, 794.581395, 102
TRD, 796.534884, 101
TRD, 799.000000, 98
TRD, 799.255814, 98
TRD, 799.279070, 100
TRD, 800.372093, 95
TRD, 800.581395, 97
TRD, 801.069767, 108
TRD, 804.674419, 115
TRD, 804.697674, 113
TRD, 807.697674, 113
TRD, 809.232558, 115
TRD, 810.069767, 118
TRD, 811.860465, 113
TRD, 814.348837, 110
TRD, 814.651163, 110
TRD, 814.883721, 109
TRD, 815.232558, 110
TRD, 815.348837, 110
TRD, 815.534884, 109
TRD, 815.976744, 103
TRD, 817.465116, 120
TRD, 818.116279, 106
TRD, 818.813953, 105
TRD, 820.348837, 109
TRD, 822.465116, 108
TRD, 823.720930, 104
TRD, 824.186047, 103
TRD, 824.279070, 103
TRD, 825.744186, 103
TRD, 826.372093, 118
TRD, 828.069767, 116
TRD, 828.767442, 115
TRD, 828.906977, 116
TRD, 829.069767, 103
TRD, 831.093023, 109
TRD, 832.162791, 110
TRD, 832.186047, 109
TRD, 832.860465, 108
TRD, 834.883721, 102
TRD, 835.558140, 100
TRD, 836.837209, 105
TRD, 838.093023, 104
TRD, 838.186047, 104
TRD, 838.581395, 100
TRD, 841.627907, 101
TRD, 842.046512, 100
TRD, 842.279070, 100
TRD, 842.720930, 102
TRD, 843.441860, 95
TRD, 843.976744, 101
TRD, 844.651163, 100
TRD, 845.558140, 118
TRD, 846.116279, 105
TRD, 847.883721, 104
TRD, 849.581395, 105
TRD, 850.813953, 109
TRD, 851.395349, 123
TRD, 851.674419, 102
TRD, 852.627907, 118
TRD, 852.976744, 114
TRD, 853.186047, 128
TRD, 853.627907, 114
TRD, 854.023256, 113
TRD, 854.906977, 113
TRD, 857.604651, 107
TRD, 858.558140, 105
TRD, 859.186047, 106
TRD, 859.674419, 118
TRD, 861.860465, 118
TRD, 862.302326, 117
TRD, 862.325581, 117
TRD, 863.534884, 113
TRD, 864.697674, 109
TRD, 865.604651, 103
TRD, 866.860465, 107
TRD, 867.837209, 105
TRD, 868.348837, 104
TRD, 870.046512, 100
TRD, 870.558140, 103
TRD, 871.139535, 103
TRD, 871.883721, 102
TRD, 873.813953, 101
TRD, 874.046512, 101
TRD, 874.441860, 118
TRD, 875.139535, 102
TRD, 876.674419, 104
TRD, 878.860465, 103
TRD, 879.186047, 102
TRD, 880.395349, 101
TRD, 881.534884, 103
TRD, 882.604651, 103
TRD, 883.209302, 102
TRD, 884.069767, 102
TRD, 884.139535, 102
TRD, 884.767442, 103
TRD, 886.162791, 118
TRD, 886.674419, 109
TRD, 886.837209, 106
TRD, 887.069767, 123
TRD, 887.604651, 122
TRD, 887.697674, 128
TRD, 889.186047, 116
TRD, 889.953488, 116
TRD, 892.837209, 106
TRD, 895.162791, 104
TRD, 896.348837, 103
TRD, 896.976744, 105
TRD, 897.232558, 105
TRD, 897.674419, 105
TRD, 899.372093, 115
TRD, 899.837209, 110
TRD, 901.046512, 113
TRD, 901.860465, 118
TRD, 902.651163, 115
TRD, 903.023256, 114
TRD, 903.162791, 114
TRD, 903.558140, 102
TRD, 905.930233, 102
TRD, 905.976744, 100
TRD, 906.813953, 104
TRD, 907.976744, 102
TRD, 909.162791, 103
TRD, 909.441860, 104
TRD, 909.627907, 114
TRD, 909.860465, 103
TRD, 910.976744, 117
TRD, 912.488372, 109
TRD, 914.023256, 108
TRD, 916.372093, 106
TRD, 918.720930, 105
TRD, 919.488372, 104
TRD, 920.581395, 100
TRD, 921.209302, 104
TRD, 921.558140, 102
TRD, 924.000000, 104
TRD, 924.279070, 103
TRD, 925.069767, 110
TRD, 925.372093, 111
TRD, 925.418605, 109
TRD, 927.372093, 116
TRD, 927.511628, 117
TRD, 927.860465, 113
TRD, 930.837209, 112
TRD, 931.069767, 111
TRD, 932.418605, 116
TRD, 932.465116, 112
TRD, 933.488372, 118
TRD, 933.511628, 112
TRD, 935.093023, 102
TRD, 937.953488, 100
TRD, 940.651163, 99
TRD, 941.139535, 98
TRD, 941.325581, 98
TRD, 941.976744, 97
TRD, 942.069767, 95
TRD, 942.162791, 92
TRD, 943.906977, 95
TRD, 944.418605, 118
TRD, 944.627907, 122
TRD, 946.116279, 123
TRD, 947.116279, 128
TRD, 949.488372, 122
TRD, 949.813953, 122
TRD, 950.232558, 123
TRD, 951.209302, 124
TRD, 952.348837, 125
TRD, 953.767442, 123
TRD, 954.162791, 118
TRD, 954.837209, 113
TRD, 955.186047, 118
TRD, 956.069767, 114
TRD, 957.000000, 114
TRD, 957.348837, 114
TRD, 957.627907, 113
TRD, 958.534884, 112
TRD, 959.116279, 110
TRD, 962.023256, 109
TRD, 963.558140, 104
TRD, 964.697674, 107
TRD, 965.372093, 103
TRD, 965.418605, 104
TRD, 968.209302, 101
TRD, 969.697674, 98
TRD, 969.744186, 95
TRD, 970.302326, 98
TRD, 970.720930, 97
TRD, 972.255814, 98
TRD, 972.790698, 98
TRD, 973.534884, 98
TRD, 973.651163, 97
TRD, 975.418605, 96
TRD, 976.697674, 98
TRD, 977.279070, 99
TRD, 978.209302, 98
TRD, 978.255814, 97
TRD, 978.930233, 99
TRD, 980.418605, 98
TRD, 981.046512, 102
TRD, 982.418605, 98
TRD, 982.976744, 100
TRD, 984.255814, 117
TRD, 985.116279, 104
TRD, 987.930233, 104
TRD, 988.186047, 103
TRD, 988.418605, 103
TRD, 989.720930, 104
TRD, 992.232558, 122
TRD, 992.511628, 118
TRD, 992.883721, 117
TRD, 994.046512, 109
TRD, 994.465116, 110
TRD, 994.930233, 111
TRD, 995.372093, 100
TRD, 995.906977, 95
TRD, 996.325581, 111
TRD, 996.744186, 123
TRD, 999.767442, 117
TRD, 1000.139535, 118
TRD, 1000.906977, 125
TRD, 1001.906977, 110
TRD, 1003.604651, 112
TRD, 1004.720930, 115
TRD, 1005.488372, 113
TRD, 1007.441860, 113
TRD, 1008.046512, 112
TRD, 1008.069767, 113
TRD, 1008.372093, 109
TRD, 1011.162791, 108
TRD, 1012.720930, 107
TRD, 1012.906977, 108
TRD, 1013.046512, 108
TRD, 1013.348837, 107
TRD, 1013.953488, 117
TRD, 1014.162791, 107
TRD, 1016.162791, 100
TRD, 1017.837209, 109
TRD, 1019.395349, 109
TRD, 1022.627907, 108
TRD, 1023.186047, 109
TRD, 1023.581395, 106
TRD, 1023.953488, 103
TRD, 1024.069767, 106
TRD, 1024.837209, 106
TRD, 1025.744186, 117
TRD, 1026.395349, 118
TRD, 1026.790698, 109
TRD, 1029.279070, 109
TRD, 1029.418605, 108
TRD, 1029.558140, 100
TRD, 1029.860465, 110
TRD, 1029.930233, 111
TRD, 1031.930233, 97
TRD, 1033.465116, 98
TRD, 1034.441860, 97
TRD, 1034.720930, 97
TRD, 1034.953488, 97
TRD, 1036.558140, 95
TRD, 1037.906977, 97
TRD, 1038.069767, 97
TRD, 1038.860465, 96
TRD, 1038.953488, 90
TRD, 1039.186047, 97
TRD, 1039.325581, 86
TRD, 1041.325581, 83
TRD, 1041.790698, 101
TRD, 1041.906977, 102
TRD, 1043.488372, 102
TRD, 1045.093023, 118
TRD, 1045.395349, 113
TRD, 1046.000000, 115
TRD, 1046.209302, 118
TRD, 1047.186047, 109
TRD, 1048.720930, 103
TRD, 1049.604651, 102
TRD, 1053.000000, 100
TRD, 1053.372093, 96
TRD, 1053.395349, 101
TRD, 1054.767442, 102
TRD, 1054.837209, 102
TRD, 1054.860465, 139
TRD, 1057.116279, 99
TRD, 1058.069767, 105
TRD, 1058.720930, 105
TRD, 1059.813953, 103
TRD, 1060.093023, 101
TRD, 1060.116279, 104
TRD, 1063.000000, 104
TRD, 1063.093023, 104
TRD, 1064.767442, 108
TRD, 1066.302326, 108
TRD, 1066.837209, 107
TRD, 1066.860465, 103
TRD, 1068.767442, 101
TRD, 1071.116279, 109
TRD, 1071.441860, 112
TRD, 1072.581395, 113
TRD, 1074.046512, 111
TRD, 1074.116279, 112
TRD, 1074.162791, 115
TRD, 1076.372093, 111
TRD, 1077.279070, 118
TRD, 1078.093023, 123
TRD, 1078.581395, 122
TRD, 1079.558140, 119
TRD, 1079.604651, 119
TRD, 1081.069767, 115
TRD, 1081.093023, 102
TRD, 1082.930233, 110
TRD, 1083.418605, 109
TRD, 1083.744186, 111
TRD, 1084.627907, 111
TRD, 1085.767442, 101
TRD, 1088.209302, 104
TRD, 1088.860465, 103
TRD, 1089.255814, 103
TRD, 1089.604651, 100
TRD, 1090.116279, 103
TRD, 1091.139535, 103
TRD, 1091.790698, 100
TRD, 1092.116279, 104
TRD, 1094.000000, 95
TRD, 1095.232558, 103
TRD, 1096.558140, 117
TRD, 1097.348837, 105
TRD, 1098.418605, 118
TRD, 1098.674419, 123
TRD, 1099.209302, 113
TRD, 1099.744186, 105
TRD, 1102.534884, 111
TRD, 1103.767442, 103
TRD, 1104.837209, 112
TRD, 1105.046512, 111
TRD, 1105.604651, 112
TRD, 1106.162791, 111
TRD, 1106.395349, 112
TRD, 1106.441860, 118
TRD, 1108.255814, 110
TRD, 1110.418605, 110
TRD, 1111.186047, 109
TRD, 1112.744186, 108
TRD, 1113.534884, 108
TRD, 1114.465116, 107
TRD, 1114.837209, 100
TRD, 1115.558140, 108
TRD, 1118.372093, 101
TRD, 1118.720930, 118
TRD, 1119.139535, 106
TRD, 1120.000000, 108
TRD, 1120.837209, 95
TRD, 1121.697674, 104
TRD, 1123.255814, 101
TRD, 1123.697674, 100
TRD, 1123.883721, 101
TRD, 1124.162791, 102
TRD, 1124.976744, 100
TRD, 1125.767442, 107
TRD, 1127.000000, 108
TRD, 1128.813953, 109
TRD, 1129.186047, 104
TRD, 1130.860465, 114
TRD, 1131.790698, 104
TRD, 1133.046512, 108
TRD, 1133.488372, 107
TRD, 1133.720930, 108
TRD, 1133.813953, 109
TRD, 1135.418605, 113
TRD, 1136.767442, 118
TRD, 1138.534884, 111
TRD, 1138.720930, 109
TRD, 1139.558140, 103
TRD, 1140.093023, 108
TRD, 1141.139535, 106
TRD, 1142.558140, 108
TRD, 1143.906977, 107
TRD, 1146.488372, 105
TRD, 1146.534884, 104
TRD, 1148.116279, 104
TRD, 1148.325581, 105
TRD, 1149.488372, 111
TRD, 1150.348837, 117
TRD, 1150.837209, 109
TRD, 1151.186047, 104
TRD, 1151.697674, 103
TRD, 1152.627907, 96
TRD, 1153.813953, 106
TRD, 1157.813953, 103
TRD, 1158.069767, 102
TRD, 1158.534884, 102
TRD, 1158.813953, 102
TRD, 1159.139535, 100
TRD, 1159.465116, 102
TRD, 1160.186047, 95
TRD, 1161.023256, 100
TRD, 1164.302326, 101
TRD, 1165.744186, 100
TRD, 1167.325581, 100
TRD, 1168.116279, 99
TRD, 1170.651163, 100
TRD, 1170.953488, 99
TRD, 1171.511628, 98
TRD, 1173.116279, 100
TRD, 1173.860465, 100
TRD, 1174.116279, 101
TRD, 1174.860465, 116
TRD, 1174.906977, 109
TRD, 1176.674419, 122
TRD, 1178.093023, 117
TRD, 1178.674419, 115
TRD, 1179.488372, 118
TRD, 1179.744186, 114
TRD, 1181.558140, 112
TRD, 1182.465116, 114
TRD, 1182.697674, 114
TRD, 1183.116279, 113
TRD, 1183.511628, 109
TRD, 1185.116279, 109
TRD, 1187.116279, 109
TRD, 1190.046512, 104
TRD, 1190.418605, 103
TRD, 1190.767442, 104
TRD, 1190.860465, 103
TRD, 1192.162791, 104
TRD, 1192.813953, 106
TRD, 1192.860465, 100
TRD, 1193.139535, 118
TRD, 1193.186047, 95
TRD, 1194.139535, 111
TRD, 1197.441860, 114
TRD, 1197.720930, 114
TRD, 1199.674419, 114
