TRD, 3.500000, 148
TRD, 4.384615, 143
TRD, 5.538462, 148
TRD, 7.384615, 157
TRD, 9.000000, 160
TRD, 9.884615, 158
TRD, 10.038462, 161
TRD, 11.692308, 161
TRD, 12.615385, 166
TRD, 13.076923, 176
TRD, 14.961538, 165
TRD, 15.807692, 163
TRD, 16.730769, 174
TRD, 16.769231, 151
TRD, 20.846154, 160
TRD, 21.846154, 165
TRD, 23.076923, 167
TRD, 23.423077, 165
TRD, 25.192308, 166
TRD, 27.730769, 173
TRD, 28.269231, 170
TRD, 29.807692, 174
TRD, 30.307692, 172
TRD, 30.846154, 168
TRD, 31.153846, 167
TRD, 32.153846, 162
TRD, 34.115385, 158
TRD, 34.153846, 160
TRD, 35.115385, 162
TRD, 35.846154, 165
TRD, 38.615385, 167
TRD, 39.230769, 168
TRD, 39.769231, 165
TRD, 39.807692, 164
TRD, 39.961538, 157
TRD, 41.500000, 160
TRD, 41.653846, 158
TRD, 41.961538, 161
TRD, 42.423077, 169
TRD, 44.653846, 172
TRD, 49.115385, 171
TRD, 51.461538, 174
TRD, 51.576923, 174
TRD, 52.384615, 170
TRD, 52.807692, 170
TRD, 52.961538, 168
TRD, 53.192308, 168
TRD, 54.846154, 167
TRD, 55.269231, 167
TRD, 56.384615, 166
TRD, 56.615385, 166
TRD, 60.769231, 161
TRD, 61.000000, 164
TRD, 63.076923, 168
TRD, 65.423077, 163
TRD, 66.307692, 162
TRD, 67.115385, 161
TRD, 67.615385, 162
TRD, 68.461538, 162
TRD, 68.500000, 161
TRD, 70.653846, 159
TRD, 70.807692, 154
TRD, 71.307692, 161
TRD, 71.692308, 161
TRD, 72.307692, 166
TRD, 73.923077, 160
TRD, 76.076923, 155
TRD, 76.307692, 153
TRD, 78.384615, 168
TRD, 81.153846, 164
TRD, 84.423077, 173
TRD, 86.076923, 168
TRD, 87.461538, 167
TRD, 88.346154, 169
TRD, 88.461538, 167
TRD, 88.884615, 165
TRD, 88.961538, 170
TRD, 91.730769, 166
TRD, 93.269231, 163
TRD, 95.576923, 167
TRD, 97.000000, 167
TRD, 97.653846, 166
TRD, 97.846154, 164
TRD, 99.615385, 167
TRD, 102.000000, 166
TRD, 102.038462, 165
TRD, 103.576923, 166
TRD, 105.615385, 166
TRD, 108.769231, 153
TRD, 108.961538, 162
TRD, 109.769231, 162
TRD, 111.192308, 160
TRD, 111.461538, 159
TRD, 111.576923, 159
TRD, 113.884615, 161
TRD, 115.653846, 168
TRD, 115.884615, 159
TRD, 118.115385, 158
TRD, 119.230769, 154
TRD, 121.500000, 156
TRD, 121.538462, 153
TRD, 122.115385, 156
TRD, 122.538462, 156
TRD, 126.307692, 172
TRD, 126.692308, 172
TRD, 128.230769, 185
TRD, 130.461538, 180
TRD, 130.923077, 180
TRD, 131.192308, 178
TRD, 132.576923, 175
TRD, 136.576923, 160
TRD, 138.192308, 159
TRD, 138.653846, 155
TRD, 139.692308, 158
TRD, 140.000000, 160
TRD, 144.653846, 162
TRD, 145.076923, 165
TRD, 148.769231, 165
TRD, 149.346154, 164
TRD, 149.846154, 168
TRD, 150.730769, 168
TRD, 151.423077, 165
TRD, 152.192308, 169
TRD, 152.615385, 169
TRD, 154.346154, 171
TRD, 154.384615, 169
TRD, 154.461538, 157
TRD, 156.846154, 166
TRD, 157.846154, 156
TRD, 157.923077, 155
TRD, 158.576923, 170
TRD, 159.423077, 155
TRD, 161.153846, 176
TRD, 163.307692, 175
TRD, 164.846154, 175
TRD, 166.230769, 165
TRD, 168.038462, 171
TRD, 170.461538, 170
TRD, 170.692308, 167
TRD, 170.961538, 168
TRD, 171.692308, 169
TRD, 175.230769, 163
TRD, 175.692308, 167
TRD, 175.769231, 170
TRD, 175.923077, 165
TRD, 175.961538, 156
TRD, 176.615385, 156
TRD, 181.076923, 157
TRD, 182.115385, 158
TRD, 182.192308, 152
TRD, 183.269231, 157
TRD, 184.461538, 159
TRD, 185.923077, 172
TRD, 187.730769, 154
TRD, 187.807692, 151
TRD, 190.230769, 175
TRD, 193.192308, 167
TRD, 194.576923, 168
TRD, 194.692308, 170
TRD, 199.346154, 163
TRD, 199.538462, 158
TRD, 199.615385, 163
TRD, 200.038462, 164
TRD, 200.884615, 164
TRD, 201.653846, 159
TRD, 202.115385, 164
TRD, 203.692308, 162
TRD, 204.730769, 165
TRD, 204.807692, 167
TRD, 205.038462, 164
TRD, 206.538462, 167
TRD, 207.884615, 166
TRD, 208.730769, 182
TRD, 211.423077, 162
TRD, 211.730769, 161
TRD, 212.038462, 162
TRD, 212.192308, 159
TRD, 213.423077, 158
TRD, 216.461538, 165
TRD, 219.807692, 161
TRD, 220.153846, 157
TRD, 221.538462, 163
TRD, 221.846154, 162
TRD, 223.576923, 162
TRD, 225.538462, 165
TRD, 227.307692, 166
TRD, 228.230769, 164
TRD, 228.384615, 164
TRD, 228.923077, 166
TRD, 229.769231, 165
TRD, 232.384615, 164
TRD, 233.423077, 163
TRD, 235.038462, 162
TRD, 236.653846, 161
TRD, 237.153846, 168
TRD, 238.615385, 167
TRD, 238.923077, 164
TRD, 242.000000, 159
TRD, 242.269231, 156
TRD, 242.692308, 160
TRD, 243.807692, 162
TRD, 246.076923, 165
TRD, 247.461538, 170
TRD, 249.038462, 169
TRD, 249.500000, 168
TRD, 250.615385, 166
TRD, 251.153846, 159
TRD, 253.692308, 163
TRD, 254.692308, 165
TRD, 255.076923, 161
TRD, 255.346154, 158
TRD, 257.269231, 156
TRD, 257.384615, 157
TRD, 258.153846, 156
TRD, 259.692308, 161
TRD, 260.807692, 184
TRD, 263.076923, 174
TRD, 264.692308, 176
TRD, 266.961538, 160
TRD, 267.192308, 153
TRD, 269.038462, 179
TRD, 270.307692, 173
TRD, 271.461538, 164
TRD, 272.230769, 166
TRD, 275.115385, 167
TRD, 275.538462, 168
TRD, 276.346154, 172
TRD, 276.461538, 167
TRD, 276.615385, 174
TRD, 280.269231, 173
TRD, 280.846154, 163
TRD, 281.576923, 164
TRD, 282.807692, 158
TRD, 283.461538, 166
TRD, 285.500000, 166
TRD, 286.500000, 166
TRD, 287.538462, 183
TRD, 288.153846, 176
TRD, 288.384615, 172
TRD, 288.923077, 172
TRD, 291.500000, 181
TRD, 291.730769, 166
TRD, 292.884615, 163
TRD, 293.230769, 162
TRD, 293.423077, 163
TRD, 297.192308, 160
TRD, 297.692308, 160
TRD, 298.384615, 163
TRD, 298.500000, 164
TRD, 301.692308, 158
TRD, 301.807692, 153
TRD, 303.730769, 161
TRD, 307.307692, 158
TRD, 309.153846, 161
TRD, 310.769231, 162
TRD, 311.615385, 165
TRD, 313.384615, 165
TRD, 313.461538, 161
TRD, 313.884615, 161
TRD, 314.153846, 161
TRD, 314.769231, 160
TRD, 314.807692, 157
TRD, 316.038462, 166
TRD, 316.923077, 167
TRD, 318.307692, 165
TRD, 318.923077, 164
TRD, 321.115385, 165
TRD, 323.692308, 163
TRD, 325.153846, 168
TRD, 325.846154, 167
TRD, 328.769231, 164
TRD, 329.615385, 170
TRD, 329.769231, 162
TRD, 330.807692, 161
TRD, 331.153846, 169
TRD, 331.307692, 154
TRD, 333.461538, 166
TRD, 333.692308, 162
TRD, 335.384615, 164
TRD, 335.692308, 169
TRD, 336.961538, 171
TRD, 338.961538, 160
TRD, 341.423077, 158
TRD, 341.807692, 156
TRD, 342.269231, 159
TRD, 343.153846, 159
TRD, 343.230769, 160
TRD, 343.307692, 161
TRD, 344.000000, 156
TRD, 346.384615, 150
TRD, 347.692308, 148
TRD, 348.615385, 148
TRD, 350.307692, 153
TRD, 351.615385, 157
TRD, 352.000000, 158
TRD, 355.192308, 163
TRD, 355.384615, 169
TRD, 355.576923, 155
TRD, 356.500000, 171
TRD, 356.576923, 171
TRD, 357.192308, 176
TRD, 357.500000, 160
TRD, 362.076923, 179
TRD, 362.538462, 167
TRD, 363.384615, 176
TRD, 368.500000, 160
TRD, 369.461538, 162
TRD, 370.346154, 161
TRD, 371.192308, 157
TRD, 373.538462, 164
TRD, 374.230769, 169
TRD, 374.307692, 170
TRD, 374.346154, 171
TRD, 375.461538, 165
TRD, 377.769231, 157
TRD, 378.076923, 160
TRD, 379.730769, 142
TRD, 382.653846, 145
TRD, 382.846154, 147
TRD, 384.153846, 148
TRD, 386.000000, 155
TRD, 387.000000, 154
TRD, 387.423077, 154
TRD, 388.730769, 162
TRD, 390.653846, 160
TRD, 390.923077, 163
TRD, 391.769231, 172
TRD, 393.153846, 159
TRD, 396.384615, 186
TRD, 397.500000, 180
TRD, 400.730769, 174
TRD, 400.884615, 172
TRD, 402.038462, 181
TRD, 402.230769, 180
TRD, 406.692308, 179
TRD, 407.346154, 177
TRD, 409.000000, 173
TRD, 409.961538, 179
TRD, 411.538462, 172
TRD, 411.576923, 170
TRD, 412.653846, 173
TRD, 413.346154, 167
TRD, 414.307692, 168
TRD, 415.076923, 166
TRD, 415.500000, 161
TRD, 417.076923, 165
TRD, 417.615385, 165
TRD, 418.038462, 166
TRD, 421.153846, 167
TRD, 422.423077, 171
TRD, 423.115385, 170
TRD, 424.076923, 172
TRD, 426.384615, 173
TRD, 426.807692, 170
TRD, 428.384615, 169
TRD, 429.423077, 169
TRD, 429.538462, 170
TRD, 433.153846, 168
TRD, 433.961538, 168
TRD, 435.769231, 166
TRD, 436.423077, 168
TRD, 436.500000, 169
TRD, 436.653846, 165
TRD, 438.192308, 156
TRD, 440.346154, 161
TRD, 441.153846, 158
TRD, 442.000000, 164
TRD, 444.500000, 160
TRD, 445.923077, 160
TRD, 446.884615, 160
TRD, 448.076923, 164
TRD, 448.615385, 154
TRD, 449.038462, 143
TRD, 449.653846, 163
TRD, 450.000000, 142
TRD, 450.653846, 156
TRD, 452.692308, 159
TRD, 453.961538, 168
TRD, 455.192308, 167
TRD, 455.807692, 162
TRD, 456.961538, 173
TRD, 458.384615, 167
TRD, 459.423077, 169
TRD, 459.961538, 169
TRD, 460.846154, 166
TRD, 462.307692, 162
TRD, 462.576923, 159
TRD, 462.730769, 161
TRD, 465.115385, 162
TRD, 465.538462, 161
TRD, 467.923077, 163
TRD, 469.000000, 162
TRD, 470.730769, 164
TRD, 470.846154, 167
TRD, 474.384615, 162
TRD, 475.038462, 160
TRD, 475.653846, 161
TRD, 476.115385, 157
TRD, 478.192308, 154
TRD, 478.538462, 159
TRD, 479.961538, 156
TRD, 480.076923, 155
TRD, 482.692308, 167
TRD, 485.076923, 169
TRD, 486.807692, 168
TRD, 487.769231, 169
TRD, 490.115385, 167
TRD, 490.423077, 164
TRD, 490.538462, 164
TRD, 491.230769, 170
TRD, 491.923077, 173
TRD, 493.230769, 169
TRD, 494.307692, 173
TRD, 495.269231, 178
TRD, 496.230769, 169
TRD, 498.538462, 169
TRD, 499.846154, 170
TRD, 500.269231, 163
TRD, 501.000000, 160
TRD, 503.538462, 161
TRD, 507.000000, 159
TRD, 507.807692, 165
TRD, 510.307692, 157
TRD, 511.538462, 158
TRD, 512.500000, 158
TRD, 513.730769, 157
TRD, 515.000000, 160
TRD, 517.538462, 160
TRD, 518.923077, 158
TRD, 521.115385, 160
TRD, 521.230769, 165
TRD, 522.038462, 168
TRD, 523.923077, 168
TRD, 524.884615, 167
TRD, 525.423077, 165
TRD, 526.884615, 161
TRD, 528.346154, 166
TRD, 528.423077, 167
TRD, 530.076923, 164
TRD, 530.807692, 164
TRD, 532.346154, 163
TRD, 533.730769, 171
TRD, 535.192308, 169
TRD, 535.538462, 175
TRD, 538.230769, 180
TRD, 539.769231, 175
TRD, 542.692308, 170
TRD, 543.153846, 172
TRD, 543.538462, 172
TRD, 544.153846, 165
TRD, 544.384615, 171
TRD, 546.730769, 169
TRD, 546.961538, 168
TRD, 547.307692, 169
TRD, 548.884615, 166
TRD, 550.269231, 163
TRD, 551.846154, 163
TRD, 551.961538, 162
TRD, 552.538462, 162
TRD, 552.615385, 154
TRD, 554.384615, 155
TRD, 556.384615, 155
TRD, 557.307692, 156
TRD, 558.192308, 185
TRD, 559.346154, 187
TRD, 559.923077, 159
TRD, 562.076923, 164
TRD, 564.384615, 176
TRD, 564.692308, 157
TRD, 565.769231, 167
TRD, 568.230769, 160
TRD, 570.461538, 161
TRD, 571.538462, 159
TRD, 571.653846, 161
TRD, 572.115385, 162
TRD, 572.192308, 163
TRD, 572.692308, 168
TRD, 577.115385, 161
TRD, 577.615385, 162
TRD, 578.692308, 163
TRD, 579.192308, 166
TRD, 579.307692, 160
TRD, 580.576923, 164
TRD, 583.038462, 166
TRD, 585.038462, 166
TRD, 586.423077, 165
TRD, 586.653846, 167
TRD, 587.769231, 186
TRD, 589.269231, 168
TRD, 589.653846, 168
TRD, 590.000000, 173
TRD, 593.269231, 171
TRD, 594.076923, 168
TRD, 597.346154, 168
TRD, 598.153846, 170
TRD, 598.192308, 161
TRD, 598.423077, 172
TRD, 598.653846, 173
TRD, 599.115385, 174
TRD, 599.923077, 161
TRD, 600.576923, 157
TRD, 602.500000, 163
TRD, 603.769231, 167
TRD, 605.653846, 168
TRD, 608.384615, 166
TRD, 608.884615, 163
TRD, 613.423077, 163
TRD, 613.730769, 162
TRD, 614.000000, 163
TRD, 614.653846, 166
TRD, 615.538462, 168
TRD, 616.923077, 172
TRD, 617.384615, 166
TRD, 621.461538, 167
TRD, 622.153846, 168
TRD, 623.807692, 164
TRD, 623.923077, 165
TRD, 624.000000, 165
TRD, 625.538462, 172
TRD, 625.692308, 176
TRD, 627.500000, 167
TRD, 627.692308, 166
TRD, 628.500000, 165
TRD, 631.115385, 169
TRD, 633.115385, 167
TRD, 633.153846, 172
TRD, 633.730769, 173
TRD, 634.692308, 172
TRD, 635.115385, 174
TRD, 635.923077, 170
TRD, 636.576923, 157
TRD, 637.961538, 163
TRD, 638.384615, 173
TRD, 643.038462, 169
TRD, 643.076923, 173
TRD, 643.538462, 173
TRD, 643.692308, 174
TRD, 648.538462, 173
TRD, 650.653846, 170
TRD, 651.076923, 162
TRD, 652.846154, 163
TRD, 654.500000, 163
TRD, 655.269231, 163
TRD, 655.346154, 164
TRD, 655.423077, 164
TRD, 656.038462, 165
TRD, 657.653846, 165
TRD, 659.269231, 166
TRD, 660.807692, 170
TRD, 661.346154, 180
TRD, 662.000000, 179
TRD, 662.846154, 180
TRD, 663.192308, 164
TRD, 664.230769, 179
TRD, 666.500000, 174
TRD, 666.923077, 172
TRD, 669.384615, 168
TRD, 670.461538, 177
TRD, 671.076923, 182
TRD, 671.115385, 175
TRD, 672.961538, 181
TRD, 673.384615, 157
TRD, 673.615385, 182
TRD, 675.000000, 167
TRD, 676.000000, 159
TRD, 676.192308, 176
TRD, 677.769231, 174
TRD, 681.807692, 165
TRD, 682.230769, 166
TRD, 682.500000, 163
TRD, 683.000000, 167
TRD, 685.000000, 177
TRD, 685.346154, 162
TRD, 688.346154, 172
TRD, 688.692308, 173
TRD, 689.884615, 174
TRD, 690.269231, 178
TRD, 693.307692, 182
TRD, 693.615385, 173
TRD, 695.653846, 172
TRD, 696.423077, 170
TRD, 698.230769, 173
TRD, 698.576923, 169
TRD, 700.115385, 167
TRD, 701.307692, 168
TRD, 701.692308, 168
TRD, 702.269231, 168
TRD, 704.576923, 164
TRD, 705.653846, 163
TRD, 707.115385, 164
TRD, 707.461538, 157
TRD, 707.692308, 155
TRD, 708.269231, 156
TRD, 708.500000, 173
TRD, 711.923077, 157
TRD, 712.076923, 158
TRD, 713.307692, 166
TRD, 714.692308, 167
TRD, 716.230769, 169
TRD, 716.538462, 170
TRD, 717.730769, 183
TRD, 719.653846, 182
TRD, 724.423077, 171
TRD, 725.423077, 168
TRD, 725.846154, 167
TRD, 726.230769, 168
TRD, 726.692308, 168
TRD, 727.076923, 169
TRD, 727.307692, 174
TRD, 728.307692, 167
TRD, 729.230769, 173
TRD, 731.384615, 171
TRD, 731.615385, 163
TRD, 731.846154, 173
TRD, 736.269231, 170
TRD, 736.346154, 166
TRD, 738.346154, 169
TRD, 739.846154, 170
TRD, 740.807692, 178
TRD, 742.846154, 166
TRD, 743.692308, 161
TRD, 743.730769, 172
TRD, 744.615385, 157
TRD, 747.615385, 166
TRD, 748.615385, 166
TRD, 751.307692, 163
TRD, 751.884615, 162
TRD, 752.923077, 164
TRD, 753.192308, 162
TRD, 755.961538, 166
TRD, 757.807692, 167
TRD, 758.692308, 167
TRD, 760.269231, 166
TRD, 761.846154, 165
TRD, 762.807692, 166
TRD, 763.153846, 168
TRD, 763.692308, 169
TRD, 764.192308, 166
TRD, 764.500000, 167
TRD, 765.846154, 162
TRD, 766.500000, 167
TRD, 767.153846, 168
TRD, 768.461538, 156
TRD, 772.461538, 166
TRD, 773.884615, 170
TRD, 774.230769, 171
TRD, 774.884615, 171
TRD, 776.230769, 172
TRD, 781.038462, 184
TRD, 782.576923, 185
TRD, 783.269231, 184
TRD, 783.692308, 177
TRD, 783.769231, 173
TRD, 785.961538, 172
TRD, 786.769231, 170
TRD, 789.807692, 167
TRD, 790.153846, 165
TRD, 790.807692, 168
TRD, 792.153846, 166
TRD, 793.423077, 167
TRD, 793.730769, 166
TRD, 795.153846, 166
TRD, 795.538462, 168
TRD, 795.769231, 164
TRD, 798.807692, 172
TRD, 799.730769, 179
TRD, 800.615385, 169
TRD, 801.500000, 170
TRD, 804.000000, 169
TRD, 805.423077, 167
TRD, 805.807692, 168
TRD, 807.384615, 167
TRD, 808.000000, 166
TRD, 808.192308, 162
TRD, 808.346154, 166
TRD, 808.961538, 163
TRD, 809.346154, 162
TRD, 811.500000, 171
TRD, 813.307692, 178
TRD, 813.807692, 172
TRD, 814.576923, 179
TRD, 818.038462, 167
TRD, 820.692308, 161
TRD, 821.269231, 157
TRD, 821.307692, 157
TRD, 821.961538, 157
TRD, 823.807692, 164
TRD, 825.038462, 164
TRD, 826.538462, 159
TRD, 828.076923, 157
TRD, 830.884615, 161
TRD, 831.115385, 157
TRD, 831.192308, 162
TRD, 832.346154, 168
TRD, 832.769231, 170
TRD, 838.538462, 167
TRD, 839.576923, 168
TRD, 839.692308, 166
TRD, 840.346154, 165
TRD, 841.269231, 165
TRD, 842.423077, 158
TRD, 843.000000, 158
TRD, 843.346154, 165
TRD, 844.769231, 183
TRD, 845.923077, 183
TRD, 846.192308, 182
TRD, 849.269231, 170
TRD, 850.269231, 169
TRD, 853.153846, 175
TRD, 856.115385, 172
TRD, 857.500000, 166
TRD, 858.307692, 170
TRD, 860.692308, 167
TRD, 860.923077, 172
TRD, 862.269231, 172
TRD, 863.961538, 164
TRD, 864.038462, 169
TRD, 864.538462, 162
TRD, 865.923077, 163
TRD, 866.923077, 170
TRD, 871.923077, 173
TRD, 871.961538, 172
TRD, 872.884615, 164
TRD, 873.615385, 167
TRD, 873.692308, 168
TRD, 877.153846, 170
TRD, 878.576923, 170
TRD, 879.153846, 171
TRD, 880.692308, 167
TRD, 880.884615, 165
TRD, 881.961538, 169
TRD, 882.538462, 161
TRD, 883.692308, 171
TRD, 886.346154, 160
TRD, 888.384615, 171
TRD, 890.384615, 170
TRD, 891.346154, 169
TRD, 891.615385, 169
TRD, 891.846154, 168
TRD, 892.307692, 170
TRD, 894.038462, 168
TRD, 894.807692, 170
TRD, 896.692308, 161
TRD, 897.346154, 159
TRD, 897.461538, 160
TRD, 899.653846, 156
TRD, 900.000000, 154
TRD, 900.961538, 159
TRD, 902.153846, 159
TRD, 903.115385, 155
TRD, 905.346154, 144
TRD, 905.961538, 137
TRD, 907.884615, 163
TRD, 910.038462, 161
TRD, 910.884615, 163
TRD, 912.153846, 164
TRD, 913.423077, 163
TRD, 913.807692, 156
TRD, 914.384615, 178
TRD, 915.769231, 179
TRD, 916.269231, 173
TRD, 917.115385, 165
TRD, 918.384615, 183
TRD, 918.538462, 168
TRD, 922.153846, 172
TRD, 922.384615, 172
TRD, 922.961538, 173
TRD, 923.038462, 171
TRD, 923.115385, 170
TRD, 924.038462, 167
TRD, 925.000000, 181
TRD, 926.038462, 183
TRD, 928.730769, 171
TRD, 929.307692, 169
TRD, 929.769231, 170
TRD, 930.423077, 171
TRD, 933.307692, 170
TRD, 934.807692, 168
TRD, 936.961538, 166
TRD, 937.192308, 168
TRD, 938.769231, 170
TRD, 939.076923, 180
TRD, 941.500000, 175
TRD, 941.653846, 175
TRD, 943.538462, 174
TRD, 944.884615, 171
TRD, 946.576923, 172
TRD, 951.038462, 166
TRD, 951.538462, 158
TRD, 951.615385, 167
TRD, 953.153846, 158
TRD, 953.500000, 157
TRD, 954.076923, 163
TRD, 956.038462, 161
TRD, 957.000000, 161
TRD, 957.230769, 161
TRD, 957.884615, 158
TRD, 961.000000, 164
TRD, 961.346154, 168
TRD, 962.000000, 163
TRD, 962.461538, 170
TRD, 964.769231, 167
TRD, 966.423077, 169
TRD, 966.500000, 184
TRD, 967.846154, 167
TRD, 970.730769, 173
TRD, 971.153846, 172
TRD, 971.461538, 167
TRD, 974.153846, 163
TRD, 974.307692, 164
TRD, 974.615385, 174
TRD, 975.192308, 169
TRD, 975.846154, 172
TRD, 980.230769, 174
TRD, 982.038462, 172
TRD, 982.653846, 174
TRD, 983.846154, 165
TRD, 987.346154, 164
TRD, 987.461538, 165
TRD, 988.423077, 164
TRD, 989.500000, 162
TRD, 989.730769, 169
TRD, 990.307692, 169
TRD, 990.653846, 171
TRD, 990.807692, 163
TRD, 991.961538, 172
TRD, 992.461538, 172
TRD, 993.461538, 167
TRD, 994.576923, 175
TRD, 997.500000, 167
TRD, 997.923077, 166
TRD, 998.038462, 172
TRD, 998.500000, 181
TRD, 999.192308, 174
TRD, 1000.192308, 166
TRD, 1004.076923, 169
TRD, 1005.692308, 190
TRD, 1006.076923, 186
TRD, 1007.884615, 186
TRD, 1008.230769, 172
TRD, 1009.230769, 167
TRD, 1009.923077, 164
TRD, 1012.923077, 178
TRD, 1013.807692, 177
TRD, 1015.115385, 164
TRD, 1016.115385, 165
TRD, 1018.461538, 166
TRD, 1019.346154, 166
TRD, 1020.769231, 167
TRD, 1021.307692, 165
TRD, 1022.000000, 164
TRD, 1023.615385, 167
TRD, 1023.807692, 161
TRD, 1023.961538, 167
TRD, 1026.884615, 173
TRD, 1028.346154, 170
TRD, 1029.461538, 166
TRD, 1029.615385, 171
TRD, 1031.153846, 168
TRD, 1032.576923, 167
TRD, 1033.884615, 161
TRD, 1034.192308, 166
TRD, 1035.000000, 169
TRD, 1035.884615, 168
TRD, 1036.807692, 171
TRD, 1038.192308, 164
TRD, 1039.730769, 174
TRD, 1041.846154, 164
TRD, 1043.115385, 163
TRD, 1043.769231, 165
TRD, 1045.000000, 163
TRD, 1045.692308, 164
TRD, 1049.307692, 164
TRD, 1049.692308, 163
TRD, 1050.076923, 166
TRD, 1052.230769, 164
TRD, 1054.576923, 167
TRD, 1056.076923, 167
TRD, 1057.269231, 167
TRD, 1058.115385, 168
TRD, 1058.346154, 168
TRD, 1059.346154, 166
TRD, 1059.423077, 168
TRD, 1060.230769, 169
TRD, 1060.423077, 172
TRD, 1062.538462, 166
TRD, 1062.769231, 171
TRD, 1064.153846, 160
TRD, 1065.115385, 160
TRD, 1065.230769, 162
TRD, 1067.500000, 171
TRD, 1070.115385, 168
TRD, 1070.423077, 158
TRD, 1072.000000, 170
TRD, 1072.346154, 171
TRD, 1074.115385, 171
TRD, 1074.807692, 182
TRD, 1075.423077, 169
TRD, 1075.730769, 183
TRD, 1075.884615, 168
TRD, 1077.076923, 177
TRD, 1078.307692, 165
TRD, 1078.423077, 164
TRD, 1079.730769, 171
TRD, 1080.038462, 167
TRD, 1082.230769, 170
TRD, 1082.461538, 171
TRD, 1082.961538, 176
TRD, 1083.846154, 172
TRD, 1085.769231, 169
TRD, 1086.423077, 167
TRD, 1086.653846, 168
TRD, 1087.076923, 171
TRD, 1089.269231, 181
TRD, 1090.230769, 180
TRD, 1091.653846, 178
TRD, 1092.961538, 168
TRD, 1093.076923, 169
TRD, 1093.923077, 169
TRD, 1095.538462, 162
TRD, 1096.461538, 178
TRD, 1097.961538, 171
TRD, 1101.500000, 163
TRD, 1101.769231, 163
TRD, 1102.153846, 162
TRD, 1103.576923, 163
TRD, 1104.423077, 160
TRD, 1104.923077, 162
TRD, 1105.384615, 174
TRD, 1105.615385, 158
TRD, 1106.500000, 157
TRD, 1107.230769, 168
TRD, 1108.038462, 165
TRD, 1110.615385, 190
TRD, 1110.653846, 190
TRD, 1114.923077, 188
TRD, 1115.269231, 173
TRD, 1117.500000, 168
TRD, 1118.769231, 169
TRD, 1119.269231, 160
TRD, 1119.500000, 159
TRD, 1120.500000, 168
TRD, 1122.692308, 173
TRD, 1124.653846, 184
TRD, 1125.230769, 182
TRD, 1125.500000, 172
TRD, 1125.884615, 184
TRD, 1128.307692, 174
TRD, 1128.692308, 174
TRD, 1130.653846, 173
TRD, 1131.307692, 175
TRD, 1135.115385, 189
TRD, 1135.153846, 188
TRD, 1135.653846, 185
TRD, 1136.000000, 178
TRD, 1137.730769, 164
TRD, 1139.384615, 185
TRD, 1139.615385, 176
TRD, 1139.730769, 185
TRD, 1141.769231, 170
TRD, 1142.153846, 176
TRD, 1142.461538, 167
TRD, 1144.384615, 167
TRD, 1146.076923, 173
TRD, 1149.038462, 168
TRD, 1150.653846, 168
TRD, 1150.923077, 167
TRD, 1151.346154, 164
TRD, 1152.730769, 165
TRD, 1153.307692, 170
TRD, 1153.884615, 147
TRD, 1154.500000, 172
TRD, 1155.038462, 170
TRD, 1155.653846, 155
TRD, 1157.692308, 160
TRD, 1160.153846, 171
TRD, 1161.000000, 170
TRD, 1163.961538, 169
TRD, 1165.269231, 175
TRD, 1166.000000, 169
TRD, 1167.730769, 169
TRD, 1167.769231, 168
TRD, 1168.730769, 167
TRD, 1170.192308, 165
TRD, 1170.461538, 164
TRD, 1171.000000, 162
TRD, 1171.269231, 171
TRD, 1171.423077, 161
TRD, 1177.423077, 164
TRD, 1177.730769, 160
TRD, 1178.000000, 164
TRD, 1179.000000, 160
TRD, 1180.346154, 168
TRD, 1182.538462, 164
TRD, 1183.461538, 164
TRD, 1185.461538, 175
TRD, 1185.615385, 174
TRD, 1187.807692, 167
TRD, 1188.461538, 173
TRD, 1188.692308, 174
TRD, 1189.423077, 166
TRD, 1192.038462, 170
TRD, 1193.884615, 171
TRD, 1194.153846, 173
TRD, 1194.615385, 167
TRD, 1195.807692, 166
TRD, 1197.346154, 165
TRD, 1198.769231, 169
TRD, 1200.769231, 165
TRD, 1201.461538, 167
TRD, 1201.961538, 169
TRD, 1204.307692, 168
TRD, 1204.730769, 168
TRD, 1204.846154, 169
TRD, 1206.500000, 159
TRD, 1208.846154, 169
TRD, 1209.769231, 157
TRD, 1210.615385, 178
TRD, 1211.730769, 156
TRD, 1211.846154, 155
TRD, 1213.576923, 178
TRD, 1216.307692, 170
TRD, 1216.846154, 169
TRD, 1217.615385, 168
TRD, 1218.230769, 159
TRD, 1220.423077, 159
TRD, 1221.192308, 154
TRD, 1222.307692, 152
TRD, 1223.461538, 163
TRD, 1225.115385, 164
TRD, 1225.500000, 165
TRD, 1225.576923, 166
TRD, 1227.230769, 159
TRD, 1229.615385, 171
TRD, 1231.230769, 173
TRD, 1232.615385, 173
TRD, 1234.807692, 170
TRD, 1236.115385, 166
TRD, 1236.500000, 168
TRD, 1238.538462, 171
TRD, 1239.884615, 170
TRD, 1240.384615, 162
TRD, 1240.576923, 169
TRD, 1241.038462, 172
TRD, 1241.500000, 162
TRD, 1243.846154, 167
TRD, 1244.000000, 169
TRD, 1244.230769, 170
TRD, 1250.538462, 185
TRD, 1252.538462, 183
TRD, 1252.884615, 180
TRD, 1252.961538, 176
TRD, 1254.461538, 174
TRD, 1255.115385, 171
TRD, 1256.961538, 171
TRD, 1258.153846, 177
TRD, 1258.807692, 163
TRD, 1261.807692, 168
TRD, 1262.576923, 169
TRD, 1263.346154, 174
TRD, 1268.307692, 161
TRD, 1268.615385, 174
TRD, 1269.538462, 175
TRD, 1269.923077, 162
TRD, 1272.423077, 166
TRD, 1275.038462, 177
TRD, 1276.307692, 178
TRD, 1276.423077, 161
TRD, 1277.923077, 173
TRD, 1278.615385, 173
TRD, 1279.153846, 173
TRD, 1279.461538, 170
TRD, 1284.038462, 169
TRD, 1284.346154, 163
TRD, 1286.230769, 166
TRD, 1286.692308, 167
TRD, 1287.192308, 163
TRD, 1289.346154, 165
TRD, 1291.653846, 167
TRD, 1294.076923, 169
TRD, 1295.115385, 178
TRD, 1297.192308, 171
TRD, 1298.653846, 170
TRD, 1300.807692, 171
TRD, 1300.923077, 168
TRD, 1302.346154, 169
TRD, 1303.961538, 169
TRD, 1305.384615, 168
TRD, 1305.653846, 170
TRD, 1307.769231, 166
TRD, 1308.038462, 162
TRD, 1308.076923, 161
TRD, 1308.730769, 165
TRD, 1309.153846, 168
TRD, 1312.000000, 185
TRD, 1315.538462, 187
TRD, 1316.923077, 179
TRD, 1318.692308, 180
TRD, 1320.076923, 174
TRD, 1320.961538, 175
TRD, 1323.115385, 172
TRD, 1324.038462, 171
TRD, 1326.230769, 170
TRD, 1326.769231, 169
TRD, 1332.730769, 166
TRD, 1332.846154, 167
TRD, 1333.076923, 165
TRD, 1333.461538, 172
TRD, 1333.961538, 174
TRD, 1334.538462, 164
TRD, 1336.961538, 167
TRD, 1337.423077, 166
TRD, 1338.769231, 165
TRD, 1340.653846, 165
TRD, 1340.807692, 165
TRD, 1342.115385, 166
TRD, 1342.576923, 162
TRD, 1342.653846, 162
TRD, 1342.692308, 170
TRD, 1343.000000, 161
TRD, 1347.538462, 170
TRD, 1348.115385, 167
TRD, 1350.538462, 181
TRD, 1350.846154, 179
TRD, 1356.615385, 165
TRD, 1356.807692, 164
TRD, 1356.846154, 166
TRD, 1357.500000, 167
TRD, 1357.730769, 168
TRD, 1360.307692, 163
TRD, 1360.576923, 162
TRD, 1361.230769, 160
TRD, 1361.846154, 169
TRD, 1362.230769, 171
TRD, 1365.461538, 161
TRD, 1366.846154, 160
TRD, 1367.423077, 176
TRD, 1371.346154, 179
TRD, 1371.538462, 176
TRD, 1373.038462, 182
TRD, 1373.615385, 177
TRD, 1375.115385, 170
TRD, 1376.076923, 170
TRD, 1378.000000, 168
TRD, 1381.884615, 166
TRD, 1381.961538, 167
TRD, 1382.692308, 162
TRD, 1383.038462, 169
TRD, 1383.884615, 156
TRD, 1385.115385, 156
TRD, 1385.653846, 165
TRD, 1387.615385, 161
TRD, 1388.230769, 164
TRD, 1389.000000, 161
TRD, 1389.038462, 167
TRD, 1390.269231, 164
TRD, 1392.000000, 166
TRD, 1393.538462, 176
TRD, 1397.346154, 183
TRD, 1397.538462, 180
TRD, 1399.346154, 181
TRD, 1400.615385, 179
TRD, 1400.769231, 173
TRD, 1401.884615, 165
TRD, 1404.884615, 167
TRD, 1405.346154, 168
TRD, 1405.653846, 170
TRD, 1406.192308, 162
TRD, 1407.461538, 170
TRD, 1410.538462, 175
TRD, 1411.846154, 179
TRD, 1413.500000, 167
TRD, 1413.730769, 168
TRD, 1414.807692, 172
TRD, 1416.692308, 171
TRD, 1417.307692, 170
TRD, 1418.538462, 166
TRD, 1420.307692, 168
TRD, 1420.500000, 164
TRD, 1422.576923, 174
TRD, 1423.000000, 165
TRD, 1424.115385, 170
TRD, 1425.461538, 163
TRD, 1426.653846, 171
TRD, 1427.269231, 162
TRD, 1427.884615, 166
TRD, 1428.730769, 172
TRD, 1429.038462, 173
TRD, 1431.038462, 174
TRD, 1431.961538, 191
TRD, 1434.692308, 180
TRD, 1436.076923, 174
TRD, 1436.461538, 173
TRD, 1438.346154, 177
TRD, 1440.346154, 168
TRD, 1441.076923, 168
TRD, 1443.230769, 175
TRD, 1444.038462, 167
TRD, 1447.384615, 173
TRD, 1447.923077, 165
TRD, 1448.884615, 163
TRD, 1450.038462, 172
TRD, 1454.076923, 167
TRD, 1455.076923, 167
TRD, 1457.500000, 171
TRD, 1459.423077, 170
TRD, 1460.346154, 172
TRD, 1460.961538, 172
TRD, 1462.692308, 170
TRD, 1464.653846, 171
TRD, 1465.153846, 168
TRD, 1465.192308, 173
TRD, 1467.230769, 166
TRD, 1468.038462, 174
TRD, 1470.038462, 163
TRD, 1470.884615, 170
TRD, 1471.500000, 168
TRD, 1471.692308, 170
TRD, 1473.153846, 171
TRD, 1474.269231, 162
TRD, 1475.115385, 170
TRD, 1475.692308, 152
TRD, 1477.000000, 162
TRD, 1481.153846, 170
TRD, 1481.307692, 170
TRD, 1482.115385, 170
TRD, 1482.576923, 169
TRD, 1485.730769, 175
TRD, 1485.846154, 164
TRD, 1488.115385, 175
TRD, 1488.500000, 174
TRD, 1490.192308, 178
TRD, 1491.038462, 164
TRD, 1492.538462, 165
TRD, 1493.423077, 163
TRD, 1493.500000, 165
TRD, 1494.038462, 156
TRD, 1495.346154, 174
TRD, 1496.269231, 170
TRD, 1496.500000, 163
TRD, 1496.653846, 181
TRD, 1499.346154, 183
TRD, 1501.307692, 174
TRD, 1503.269231, 167
TRD, 1503.384615, 168
TRD, 1505.000000, 172
TRD, 1505.500000, 164
TRD, 1505.538462, 163
TRD, 1508.346154, 166
TRD, 1509.423077, 166
TRD, 1510.000000, 166
TRD, 1510.115385, 163
TRD, 1511.730769, 164
TRD, 1511.884615, 162
TRD, 1515.307692, 165
TRD, 1517.115385, 169
TRD, 1518.000000, 171
TRD, 1519.576923, 168
TRD, 1519.653846, 163
TRD, 1520.538462, 173
TRD, 1522.576923, 170
TRD, 1524.615385, 166
TRD, 1526.307692, 165
TRD, 1526.884615, 169
TRD, 1527.192308, 170
TRD, 1528.307692, 171
TRD, 1528.423077, 166
TRD, 1528.576923, 172
TRD, 1529.461538, 166
TRD, 1531.615385, 161
TRD, 1533.884615, 184
TRD, 1535.653846, 182
TRD, 1536.423077, 181
TRD, 1536.692308, 179
TRD, 1538.153846, 190
TRD, 1539.192308, 173
TRD, 1540.923077, 181
TRD, 1541.192308, 177
TRD, 1541.384615, 181
TRD, 1541.500000, 176
TRD, 1543.538462, 171
TRD, 1544.692308, 179
TRD, 1547.346154, 173
TRD, 1548.115385, 171
TRD, 1549.461538, 174
TRD, 1550.192308, 172
TRD, 1550.346154, 173
TRD, 1551.192308, 171
TRD, 1553.346154, 160
TRD, 1555.115385, 191
TRD, 1555.730769, 186
TRD, 1560.884615, 182
TRD, 1560.923077, 181
TRD, 1561.653846, 178
TRD, 1563.192308, 176
TRD, 1564.038462, 175
TRD, 1565.346154, 174
TRD, 1565.576923, 175
TRD, 1566.730769, 173
TRD, 1567.423077, 174
TRD, 1570.884615, 173
TRD, 1574.500000, 173
TRD, 1574.807692, 172
TRD, 1574.884615, 172
TRD, 1575.076923, 172
TRD, 1579.192308, 168
TRD, 1579.230769, 170
TRD, 1579.538462, 182
TRD, 1580.615385, 176
TRD, 1583.307692, 169
TRD, 1584.730769, 175
TRD, 1584.961538, 173
TRD, 1585.115385, 176
TRD, 1588.000000, 174
TRD, 1589.192308, 172
TRD, 1589.769231, 163
TRD, 1590.346154, 171
TRD, 1590.807692, 171
TRD, 1591.384615, 165
TRD, 1592.423077, 170
TRD, 1596.384615, 170
TRD, 1596.500000, 170
TRD, 1597.307692, 169
TRD, 1600.192308, 164
TRD, 1600.269231, 167
TRD, 1600.961538, 175
TRD, 1601.615385, 164
TRD, 1602.269231, 174
TRD, 1602.423077, 163
TRD, 1602.961538, 174
TRD, 1603.307692, 175
TRD, 1606.384615, 165
TRD, 1609.500000, 164
TRD, 1612.346154, 172
TRD, 1612.576923, 172
TRD, 1613.230769, 174
TRD, 1615.538462, 168
TRD, 1616.269231, 173
TRD, 1618.192308, 170
TRD, 1619.153846, 167
TRD, 1619.192308, 170
TRD, 1620.769231, 166
TRD, 1620.923077, 164
TRD, 1623.230769, 168
TRD, 1623.615385, 168
TRD, 1624.884615, 172
TRD, 1624.923077, 174
TRD, 1626.192308, 175
TRD, 1627.807692, 174
TRD, 1628.115385, 172
TRD, 1628.538462, 187
TRD, 1630.000000, 186
TRD, 1631.000000, 174
TRD, 1631.769231, 165
TRD, 1633.346154, 159
TRD, 1634.692308, 159
TRD, 1637.307692, 155
TRD, 1637.346154, 160
TRD, 1637.576923, 162
TRD, 1638.961538, 175
TRD, 1639.153846, 185
TRD, 1640.692308, 173
TRD, 1643.961538, 181
TRD, 1644.423077, 178
TRD, 1646.307692, 178
TRD, 1646.807692, 177
TRD, 1648.038462, 166
TRD, 1649.538462, 171
TRD, 1651.000000, 166
TRD, 1652.000000, 165
TRD, 1652.769231, 163
TRD, 1654.884615, 161
TRD, 1655.538462, 162
TRD, 1655.692308, 164
TRD, 1657.884615, 175
TRD, 1657.923077, 168
TRD, 1658.423077, 168
TRD, 1659.192308, 176
TRD, 1660.307692, 170
TRD, 1662.961538, 178
TRD, 1664.538462, 169
TRD, 1667.807692, 170
TRD, 1668.000000, 171
TRD, 1668.230769, 172
TRD, 1671.500000, 170
TRD, 1672.230769, 170
TRD, 1672.807692, 168
TRD, 1674.769231, 167
TRD, 1675.307692, 168
TRD, 1676.730769, 172
TRD, 1679.038462, 175
TRD, 1679.615385, 170
TRD, 1680.269231, 171
TRD, 1681.538462, 167
TRD, 1681.961538, 168
TRD, 1683.307692, 164
TRD, 1685.538462, 165
TRD, 1686.807692, 165
TRD, 1687.576923, 164
TRD, 1690.192308, 161
TRD, 1690.384615, 161
TRD, 1690.615385, 177
TRD, 1694.076923, 170
TRD, 1695.076923, 169
TRD, 1695.500000, 169
TRD, 1695.807692, 168
TRD, 1696.769231, 177
TRD, 1696.884615, 167
TRD, 1699.615385, 166
TRD, 1700.653846, 171
TRD, 1701.384615, 169
TRD, 1701.615385, 170
TRD, 1703.692308, 167
TRD, 1704.500000, 177
TRD, 1707.576923, 183
TRD, 1708.115385, 181
TRD, 1708.384615, 175
TRD, 1709.500000, 189
TRD, 1710.653846, 174
TRD, 1712.423077, 172
TRD, 1713.961538, 192
TRD, 1714.153846, 187
TRD, 1714.846154, 190
TRD, 1715.615385, 175
TRD, 1715.807692, 172
TRD, 1719.192308, 187
TRD, 1720.615385, 186
TRD, 1723.269231, 184
TRD, 1723.461538, 185
TRD, 1724.961538, 182
TRD, 1725.538462, 181
TRD, 1725.576923, 181
TRD, 1727.461538, 179
TRD, 1729.769231, 182
TRD, 1730.615385, 178
TRD, 1730.807692, 182
TRD, 1730.923077, 175
TRD, 1734.961538, 173
TRD, 1735.730769, 172
TRD, 1736.038462, 170
TRD, 1737.346154, 177
TRD, 1737.769231, 178
TRD, 1740.038462, 179
TRD, 1740.269231, 177
TRD, 1741.307692, 172
TRD, 1743.384615, 167
TRD, 1744.807692, 177
TRD, 1744.923077, 180
TRD, 1745.153846, 175
TRD, 1746.615385, 166
TRD, 1747.038462, 166
TRD, 1747.538462, 168
TRD, 1748.961538, 177
TRD, 1749.576923, 177
TRD, 1751.076923, 176
TRD, 1752.923077, 177
TRD, 1753.192308, 175
TRD, 1753.807692, 178
TRD, 1754.692308, 179
TRD, 1758.538462, 168
TRD, 1760.192308, 171
TRD, 1761.076923, 166
TRD, 1761.230769, 165
TRD, 1761.307692, 165
TRD, 1763.269231, 164
TRD, 1763.307692, 171
TRD, 1768.461538, 184
TRD, 1769.000000, 181
TRD, 1769.346154, 175
TRD, 1772.653846, 166
TRD, 1772.923077, 163
TRD, 1774.076923, 181
TRD, 1774.653846, 183
TRD, 1777.384615, 180
TRD, 1778.769231, 175
TRD, 1779.153846, 172
TRD, 1780.846154, 176
TRD, 1781.000000, 166
TRD, 1785.153846, 163
TRD, 1785.230769, 167
TRD, 1787.038462, 162
TRD, 1788.115385, 163
TRD, 1788.461538, 165
TRD, 1789.538462, 160
TRD, 1789.576923, 167
TRD, 1791.038462, 168
TRD, 1791.076923, 156
TRD, 1792.000000, 161
TRD, 1796.153846, 164
TRD, 1796.384615, 165
TRD, 1796.730769, 168
TRD, 1797.307692, 166
TRD, 1797.538462, 164
TRD, 1798.423077, 178
TRD, 1800.307692, 172
TRD, 1801.000000, 166
TRD, 1802.538462, 167
TRD, 1803.115385, 166
TRD, 1806.807692, 173
TRD, 1807.038462, 173
TRD, 1808.307692, 156
TRD, 1808.730769, 169
TRD, 1811.269231, 164
TRD, 1812.076923, 160
TRD, 1812.153846, 161
TRD, 1813.923077, 161
TRD, 1814.538462, 164
TRD, 1814.730769, 159
TRD, 1815.076923, 152
TRD, 1817.615385, 183
TRD, 1818.538462, 164
TRD, 1818.576923, 167
TRD, 1822.115385, 182
TRD, 1824.692308, 161
TRD, 1825.961538, 161
TRD, 1827.346154, 166
TRD, 1828.884615, 166
TRD, 1829.269231, 168
TRD, 1830.500000, 163
TRD, 1831.576923, 162
TRD, 1833.038462, 161
TRD, 1834.846154, 159
TRD, 1835.307692, 153
TRD, 1836.769231, 165
TRD, 1837.615385, 158
TRD, 1838.076923, 171
TRD, 1838.192308, 171
TRD, 1841.384615, 184
TRD, 1841.884615, 175
TRD, 1843.153846, 170
TRD, 1848.038462, 175
TRD, 1848.153846, 173
TRD, 1849.346154, 175
TRD, 1850.500000, 173
TRD, 1850.884615, 173
TRD, 1851.307692, 174
TRD, 1852.384615, 172
TRD, 1853.230769, 172
TRD, 1853.730769, 174
TRD, 1857.076923, 176
TRD, 1857.115385, 174
TRD, 1857.576923, 187
TRD, 1863.115385, 185
TRD, 1864.269231, 173
TRD, 1865.153846, 178
TRD, 1865.230769, 176
TRD, 1868.961538, 168
TRD, 1869.461538, 169
TRD, 1869.923077, 170
TRD, 1871.346154, 169
TRD, 1873.038462, 168
TRD, 1875.307692, 174
TRD, 1876.884615, 174
TRD, 1877.038462, 171
TRD, 1877.307692, 172
TRD, 1878.461538, 168
TRD, 1878.769231, 167
TRD, 1879.269231, 165
TRD, 1881.461538, 173
TRD, 1882.653846, 181
TRD, 1882.923077, 172
TRD, 1885.884615, 174
TRD, 1887.230769, 190
TRD, 1887.653846, 182
TRD, 1888.692308, 191
TRD, 1889.615385, 178
TRD, 1892.692308, 173
TRD, 1893.961538, 171
TRD, 1895.692308, 171
TRD, 1896.115385, 170
TRD, 1897.230769, 170
TRD, 1898.653846, 169
TRD, 1898.884615, 169
TRD, 1900.653846, 164
TRD, 1901.307692, 180
TRD, 1902.576923, 161
TRD, 1903.846154, 164
TRD, 1904.615385, 165
TRD, 1905.538462, 173
TRD, 1907.230769, 165
TRD, 1911.230769, 173
TRD, 1911.384615, 173
TRD, 1911.538462, 174
TRD, 1913.038462, 170
TRD, 1913.230769, 174
TRD, 1914.538462, 167
TRD, 1916.769231, 171
TRD, 1916.846154, 164
TRD, 1917.230769, 163
TRD, 1919.769231, 165
TRD, 1920.000000, 163
TRD, 1923.807692, 188
TRD, 1925.346154, 187
TRD, 1928.730769, 192
TRD, 1929.000000, 176
TRD, 1931.500000, 175
TRD, 1931.538462, 173
TRD, 1932.153846, 172
TRD, 1932.192308, 171
TRD, 1933.384615, 177
TRD, 1933.692308, 176
TRD, 1935.076923, 170
TRD, 1935.846154, 173
TRD, 1938.153846, 171
TRD, 1940.230769, 170
TRD, 1941.269231, 164
TRD, 1941.692308, 158
TRD, 1942.076923, 170
TRD, 1942.692308, 169
TRD, 1943.192308, 170
TRD, 1944.269231, 159
TRD, 1947.423077, 163
TRD, 1948.423077, 163
TRD, 1950.730769, 166
TRD, 1950.884615, 162
TRD, 1951.769231, 161
TRD, 1951.884615, 160
TRD, 1952.423077, 166
TRD, 1953.538462, 170
TRD, 1954.307692, 186
TRD, 1957.461538, 184
TRD, 1959.461538, 183
TRD, 1959.923077, 181
TRD, 1961.500000, 179
TRD, 1961.961538, 177
TRD, 1962.115385, 170
TRD, 1964.692308, 185
TRD, 1966.923077, 176
TRD, 1968.115385, 175
TRD, 1969.692308, 171
TRD, 1970.500000, 171
TRD, 1975.615385, 171
TRD, 1977.615385, 169
TRD, 1978.500000, 169
TRD, 1978.730769, 167
TRD, 1979.230769, 164
TRD, 1979.653846, 164
TRD, 1981.769231, 167
TRD, 1982.269231, 166
TRD, 1982.576923, 161
TRD, 1982.692308, 167
TRD, 1983.153846, 168
TRD, 1984.807692, 171
TRD, 1985.269231, 158
TRD, 1986.384615, 169
TRD, 1991.307692, 178
TRD, 1991.384615, 177
TRD, 1994.346154, 181
TRD, 1994.807692, 181
TRD, 1994.884615, 183
TRD, 1996.307692, 180
TRD, 1997.461538, 175
TRD, 1998.346154, 172
TRD, 2000.653846, 167
TRD, 2001.076923, 168
TRD, 2001.615385, 166
TRD, 2001.692308, 168
TRD, 2001.846154, 171
TRD, 2002.769231, 166
TRD, 2003.961538, 171
TRD, 2004.076923, 173
TRD, 2005.576923, 163
TRD, 2005.961538, 162
TRD, 2007.615385, 160
TRD, 2012.346154, 170
TRD, 2012.653846, 164
TRD, 2014.230769, 163
TRD, 2016.538462, 165
TRD, 2018.115385, 165
TRD, 2018.192308, 159
TRD, 2018.730769, 175
TRD, 2021.076923, 172
TRD, 2022.192308, 164
TRD, 2023.384615, 165
TRD, 2026.346154, 173
TRD, 2026.384615, 164
TRD, 2028.769231, 177
TRD, 2031.807692, 173
TRD, 2032.192308, 173
TRD, 2033.230769, 166
TRD, 2034.423077, 168
TRD, 2035.307692, 169
TRD, 2035.923077, 163
TRD, 2036.884615, 169
TRD, 2037.000000, 166
TRD, 2039.307692, 166
TRD, 2040.653846, 167
TRD, 2041.230769, 167
TRD, 2043.307692, 170
TRD, 2044.038462, 168
TRD, 2044.076923, 167
TRD, 2047.461538, 171
TRD, 2050.384615, 170
TRD, 2050.923077, 168
TRD, 2051.423077, 168
TRD, 2051.846154, 174
TRD, 2053.730769, 172
TRD, 2054.730769, 169
TRD, 2057.307692, 167
TRD, 2057.884615, 166
TRD, 2058.000000, 161
TRD, 2058.961538, 163
TRD, 2059.269231, 164
TRD, 2061.307692, 165
TRD, 2063.961538, 170
TRD, 2064.038462, 174
TRD, 2064.115385, 176
TRD, 2064.769231, 167
TRD, 2065.538462, 166
TRD, 2067.192308, 163
TRD, 2067.230769, 177
TRD, 2070.230769, 190
TRD, 2070.269231, 185
TRD, 2071.038462, 182
TRD, 2073.153846, 172
TRD, 2073.307692, 171
TRD, 2073.346154, 173
TRD, 2074.769231, 173
TRD, 2078.192308, 169
TRD, 2078.730769, 169
TRD, 2079.692308, 171
TRD, 2080.884615, 171
TRD, 2082.538462, 170
TRD, 2083.730769, 172
TRD, 2084.961538, 170
TRD, 2085.653846, 167
TRD, 2085.730769, 165
TRD, 2088.846154, 168
TRD, 2088.884615, 162
TRD, 2090.038462, 159
TRD, 2091.076923, 160
TRD, 2091.807692, 170
TRD, 2093.153846, 167
TRD, 2094.576923, 177
TRD, 2095.769231, 166
TRD, 2097.692308, 185
TRD, 2098.538462, 184
TRD, 2099.692308, 175
TRD, 2101.192308, 171
TRD, 2101.807692, 169
TRD, 2103.307692, 175
TRD, 2104.923077, 164
TRD, 2105.192308, 170
TRD, 2106.384615, 169
TRD, 2107.115385, 170
TRD, 2107.153846, 168
TRD, 2107.846154, 157
TRD, 2108.576923, 169
TRD, 2113.038462, 174
TRD, 2114.115385, 168
TRD, 2116.038462, 175
TRD, 2116.615385, 170
TRD, 2117.730769, 168
TRD, 2117.846154, 160
TRD, 2120.923077, 164
TRD, 2122.000000, 165
TRD, 2122.692308, 171
TRD, 2124.923077, 167
TRD, 2126.269231, 165
TRD, 2127.153846, 161
TRD, 2129.923077, 157
TRD, 2130.961538, 158
TRD, 2131.346154, 163
TRD, 2131.807692, 169
TRD, 2132.730769, 169
TRD, 2132.923077, 173
TRD, 2133.000000, 164
TRD, 2134.730769, 164
TRD, 2135.307692, 164
TRD, 2136.307692, 172
TRD, 2138.153846, 168
TRD, 2139.961538, 159
TRD, 2141.730769, 167
TRD, 2142.153846, 162
TRD, 2142.269231, 169
TRD, 2144.730769, 170
TRD, 2144.961538, 173
TRD, 2146.307692, 167
TRD, 2149.730769, 171
TRD, 2151.000000, 168
TRD, 2151.384615, 170
TRD, 2151.923077, 164
TRD, 2152.423077, 171
TRD, 2152.461538, 174
TRD, 2155.384615, 175
TRD, 2155.923077, 175
TRD, 2156.615385, 174
TRD, 2158.192308, 171
TRD, 2159.730769, 169
TRD, 2160.115385, 170
TRD, 2162.269231, 168
TRD, 2163.692308, 168
TRD, 2164.076923, 167
TRD, 2164.846154, 176
TRD, 2165.653846, 171
TRD, 2166.346154, 167
TRD, 2169.923077, 169
TRD, 2171.884615, 175
TRD, 2172.807692, 171
TRD, 2174.423077, 181
TRD, 2177.384615, 171
TRD, 2178.461538, 171
TRD, 2178.923077, 171
TRD, 2179.730769, 177
TRD, 2180.500000, 176
TRD, 2180.769231, 175
TRD, 2181.576923, 166
TRD, 2183.192308, 183
TRD, 2184.461538, 167
TRD, 2186.807692, 166
TRD, 2187.192308, 165
TRD, 2188.192308, 162
TRD, 2190.230769, 161
TRD, 2190.423077, 156
TRD, 2191.038462, 162
TRD, 2191.538462, 163
TRD, 2191.923077, 168
TRD, 2194.269231, 168
TRD, 2194.730769, 166
TRD, 2194.884615, 169
TRD, 2195.307692, 178
TRD, 2197.115385, 176
TRD, 2199.423077, 174
TRD, 2202.000000, 164
TRD, 2202.038462, 164
TRD, 2202.153846, 170
TRD, 2203.307692, 172
TRD, 2203.692308, 164
TRD, 2205.807692, 152
TRD, 2207.576923, 165
TRD, 2209.307692, 171
TRD, 2212.846154, 168
TRD, 2212.884615, 166
TRD, 2213.500000, 168
TRD, 2213.538462, 170
TRD, 2214.884615, 168
TRD, 2215.076923, 162
TRD, 2215.961538, 169
TRD, 2217.961538, 168
TRD, 2219.884615, 166
TRD, 2219.923077, 167
TRD, 2219.961538, 160
TRD, 2225.000000, 177
TRD, 2230.192308, 170
TRD, 2231.000000, 170
TRD, 2231.615385, 171
TRD, 2232.653846, 170
TRD, 2232.923077, 169
TRD, 2233.192308, 166
TRD, 2234.730769, 166
TRD, 2235.769231, 165
TRD, 2236.230769, 166
TRD, 2236.692308, 162
TRD, 2242.000000, 169
TRD, 2242.423077, 170
TRD, 2242.807692, 170
TRD, 2244.961538, 166
TRD, 2246.346154, 166
TRD, 2246.692308, 167
TRD, 2248.461538, 165
TRD, 2250.269231, 166
TRD, 2252.269231, 170
TRD, 2253.692308, 171
TRD, 2253.846154, 168
TRD, 2254.153846, 164
TRD, 2255.538462, 170
TRD, 2258.000000, 172
TRD, 2259.923077, 174
TRD, 2260.846154, 164
TRD, 2261.461538, 162
TRD, 2264.038462, 165
TRD, 2264.115385, 168
TRD, 2265.000000, 168
TRD, 2265.153846, 165
TRD, 2266.192308, 165
TRD, 2267.423077, 162
TRD, 2269.615385, 172
TRD, 2272.346154, 173
TRD, 2273.115385, 168
TRD, 2273.346154, 173
TRD, 2275.153846, 171
TRD, 2275.230769, 167
TRD, 2276.769231, 167
TRD, 2278.038462, 171
TRD, 2279.769231, 175
TRD, 2283.730769, 170
TRD, 2284.000000, 163
TRD, 2285.115385, 162
TRD, 2285.346154, 161
TRD, 2286.307692, 161
TRD, 2289.000000, 163
TRD, 2290.192308, 159
TRD, 2290.884615, 162
TRD, 2292.923077, 162
TRD, 2295.307692, 164
TRD, 2297.000000, 161
TRD, 2297.961538, 162
TRD, 2298.346154, 162
TRD, 2299.038462, 162
TRD, 2299.346154, 163
TRD, 2299.615385, 166
TRD, 2300.307692, 158
TRD, 2302.615385, 158
TRD, 2303.038462, 157
TRD, 2305.846154, 162
TRD, 2307.038462, 165
TRD, 2308.153846, 149
TRD, 2309.038462, 151
TRD, 2310.423077, 169
TRD, 2311.269231, 168
TRD, 2312.076923, 165
TRD, 2314.076923, 168
TRD, 2314.115385, 170
TRD, 2314.461538, 164
TRD, 2318.423077, 163
TRD, 2318.576923, 164
TRD, 2318.846154, 160
TRD, 2321.538462, 168
TRD, 2323.807692, 167
TRD, 2324.192308, 168
TRD, 2324.615385, 169
TRD, 2325.269231, 170
TRD, 2325.961538, 177
TRD, 2326.192308, 169
TRD, 2326.269231, 178
TRD, 2331.384615, 174
TRD, 2331.423077, 167
TRD, 2333.692308, 176
TRD, 2334.884615, 170
TRD, 2335.115385, 169
TRD, 2335.576923, 160
TRD, 2336.807692, 170
TRD, 2338.769231, 162
TRD, 2339.000000, 160
TRD, 2341.038462, 164
TRD, 2341.769231, 163
TRD, 2343.615385, 162
TRD, 2343.807692, 160
TRD, 2345.115385, 167
TRD, 2345.230769, 168
TRD, 2345.384615, 170
TRD, 2347.038462, 159
TRD, 2349.807692, 169
TRD, 2350.461538, 181
TRD, 2352.153846, 173
TRD, 2353.269231, 170
TRD, 2354.576923, 165
TRD, 2357.076923, 173
TRD, 2359.076923, 169
TRD, 2359.346154, 168
TRD, 2359.538462, 169
TRD, 2359.615385, 177
TRD, 2360.269231, 167
TRD, 2360.846154, 170
TRD, 2362.423077, 166
TRD, 2368.076923, 175
TRD, 2368.307692, 176
TRD, 2370.038462, 173
TRD, 2370.500000, 172
TRD, 2371.846154, 169
TRD, 2372.423077, 168
TRD, 2372.923077, 159
TRD, 2373.269231, 170
TRD, 2374.538462, 155
TRD, 2375.230769, 171
TRD, 2375.615385, 160
TRD, 2377.000000, 164
TRD, 2378.615385, 159
TRD, 2380.615385, 161
TRD, 2381.115385, 165
TRD, 2381.730769, 163
TRD, 2382.884615, 161
TRD, 2383.423077, 162
TRD, 2385.115385, 154
TRD, 2385.230769, 164
TRD, 2389.846154, 164
TRD, 2390.461538, 152
TRD, 2393.423077, 154
TRD, 2393.653846, 153
TRD, 2394.192308, 154
TRD, 2394.846154, 154
TRD, 2394.923077, 157
TRD, 2395.807692, 166
TRD, 2396.269231, 165
TRD, 2397.692308, 149
TRD, 2398.230769, 163
TRD, 2398.769231, 167
TRD, 2401.461538, 171
TRD, 2402.769231, 172
TRD, 2403.230769, 167
TRD, 2405.615385, 158
TRD, 2407.653846, 161
TRD, 2407.692308, 159
TRD, 2408.192308, 155
TRD, 2408.846154, 160
TRD, 2410.769231, 156
TRD, 2411.576923, 160
TRD, 2412.423077, 166
TRD, 2412.846154, 167
TRD, 2413.307692, 153
TRD, 2414.769231, 162
TRD, 2416.384615, 166
TRD, 2416.576923, 157
TRD, 2418.615385, 167
TRD, 2419.115385, 164
TRD, 2423.730769, 177
TRD, 2423.923077, 172
TRD, 2424.461538, 171
TRD, 2428.461538, 169
TRD, 2429.500000, 165
TRD, 2430.807692, 169
TRD, 2431.961538, 165
TRD, 2432.538462, 164
TRD, 2434.000000, 162
TRD, 2434.538462, 155
TRD, 2435.038462, 162
TRD, 2436.346154, 158
TRD, 2436.961538, 166
TRD, 2438.423077, 160
TRD, 2440.230769, 159
TRD, 2441.653846, 166
TRD, 2442.961538, 158
TRD, 2443.692308, 160
TRD, 2446.076923, 163
TRD, 2446.500000, 166
TRD, 2446.538462, 169
TRD, 2446.807692, 161
TRD, 2448.923077, 166
TRD, 2450.115385, 166
TRD, 2453.500000, 166
TRD, 2456.038462, 162
TRD, 2456.115385, 160
TRD, 2457.307692, 161
TRD, 2458.307692, 166
TRD, 2458.500000, 163
TRD, 2459.846154, 162
TRD, 2461.307692, 165
TRD, 2462.384615, 166
TRD, 2462.653846, 167
TRD, 2463.538462, 167
TRD, 2464.000000, 165
TRD, 2466.038462, 177
TRD, 2469.269231, 175
TRD, 2470.923077, 171
TRD, 2471.384615, 171
TRD, 2471.653846, 171
TRD, 2474.153846, 157
TRD, 2474.692308, 164
TRD, 2475.230769, 166
TRD, 2479.923077, 165
TRD, 2481.576923, 158
TRD, 2482.000000, 157
TRD, 2482.538462, 161
TRD, 2482.884615, 161
TRD, 2483.615385, 161
TRD, 2486.730769, 165
TRD, 2488.884615, 165
TRD, 2489.923077, 162
TRD, 2489.961538, 153
TRD, 2492.846154, 162
TRD, 2494.576923, 162
TRD, 2495.038462, 153
TRD, 2495.192308, 162
TRD, 2495.500000, 163
TRD, 2496.307692, 152
TRD, 2496.769231, 152
TRD, 2498.230769, 152
TRD, 2500.769231, 152
TRD, 2502.653846, 156
TRD, 2505.000000, 156
TRD, 2507.538462, 162
TRD, 2509.461538, 161
TRD, 2510.423077, 168
TRD, 2511.538462, 162
TRD, 2512.884615, 165
TRD, 2513.807692, 164
TRD, 2514.500000, 164
TRD, 2514.923077, 163
TRD, 2515.076923, 161
TRD, 2516.307692, 159
TRD, 2518.884615, 160
TRD, 2519.576923, 157
TRD, 2519.615385, 153
TRD, 2520.423077, 150
TRD, 2521.884615, 159
TRD, 2522.538462, 159
TRD, 2523.230769, 162
TRD, 2524.346154, 166
TRD, 2525.884615, 178
TRD, 2526.115385, 163
TRD, 2526.807692, 169
TRD, 2529.692308, 168
TRD, 2532.000000, 158
TRD, 2533.153846, 166
TRD, 2533.807692, 155
TRD, 2534.269231, 165
TRD, 2534.307692, 166
TRD, 2535.769231, 167
TRD, 2537.153846, 163
TRD, 2537.423077, 162
TRD, 2539.692308, 157
TRD, 2539.730769, 170
TRD, 2545.230769, 172
TRD, 2546.153846, 170
TRD, 2547.653846, 165
TRD, 2548.153846, 162
TRD, 2548.423077, 161
TRD, 2548.538462, 166
TRD, 2550.192308, 160
TRD, 2551.346154, 156
TRD, 2552.923077, 175
TRD, 2553.076923, 175
TRD, 2555.115385, 152
TRD, 2555.461538, 173
TRD, 2557.538462, 172
TRD, 2558.269231, 172
TRD, 2560.423077, 158
TRD, 2561.000000, 158
TRD, 2561.076923, 163
TRD, 2564.961538, 167
TRD, 2565.730769, 164
TRD, 2566.076923, 163
TRD, 2569.000000, 158
TRD, 2570.038462, 160
TRD, 2570.884615, 178
TRD, 2571.769231, 157
TRD, 2574.115385, 170
TRD, 2575.653846, 164
TRD, 2577.038462, 163
TRD, 2577.884615, 163
TRD, 2578.230769, 162
TRD, 2580.038462, 154
TRD, 2580.384615, 150
TRD, 2584.692308, 157
TRD, 2585.115385, 155
TRD, 2586.192308, 153
TRD, 2587.961538, 162
TRD, 2588.115385, 160
TRD, 2588.653846, 154
TRD, 2590.346154, 165
TRD, 2591.115385, 163
TRD, 2591.730769, 169
TRD, 2592.230769, 150
TRD, 2596.730769, 172
TRD, 2597.846154, 165
TRD, 2598.615385, 167
TRD, 2599.307692, 167
TRD, 2600.153846, 167
TRD, 2601.269231, 167
TRD, 2601.384615, 158
TRD, 2604.076923, 178
TRD, 2605.230769, 162
TRD, 2607.115385, 164
TRD, 2607.230769, 167
TRD, 2609.807692, 162
TRD, 2612.346154, 165
TRD, 2612.384615, 164
TRD, 2613.884615, 160
TRD, 2615.038462, 159
TRD, 2616.038462, 160
TRD, 2616.500000, 150
TRD, 2617.461538, 150
TRD, 2619.153846, 150
TRD, 2619.846154, 150
TRD, 2620.000000, 153
TRD, 2621.884615, 153
TRD, 2622.500000, 151
TRD, 2625.615385, 155
TRD, 2627.576923, 156
TRD, 2628.115385, 147
TRD, 2628.153846, 165
TRD, 2629.730769, 154
TRD, 2631.538462, 157
TRD, 2631.730769, 151
TRD, 2632.038462, 147
TRD, 2635.961538, 158
TRD, 2637.307692, 157
TRD, 2637.846154, 158
TRD, 2638.807692, 161
TRD, 2639.846154, 161
TRD, 2639.961538, 156
TRD, 2641.115385, 150
TRD, 2643.346154, 154
TRD, 2643.769231, 154
TRD, 2646.307692, 157
TRD, 2648.730769, 153
TRD, 2649.230769, 158
TRD, 2650.230769, 159
TRD, 2652.307692, 153
TRD, 2652.384615, 155
TRD, 2654.692308, 151
TRD, 2655.576923, 152
TRD, 2655.730769, 154
TRD, 2655.807692, 151
TRD, 2656.538462, 150
TRD, 2656.615385, 155
TRD, 2658.115385, 148
TRD, 2659.307692, 147
TRD, 2659.615385, 149
TRD, 2660.384615, 165
TRD, 2661.769231, 165
TRD, 2663.153846, 152
TRD, 2664.461538, 163
TRD, 2668.923077, 163
TRD, 2669.730769, 162
TRD, 2671.269231, 160
TRD, 2673.153846, 160
TRD, 2673.269231, 162
TRD, 2674.730769, 159
TRD, 2675.346154, 164
TRD, 2675.807692, 155
TRD, 2676.692308, 166
TRD, 2677.076923, 167
TRD, 2677.346154, 152
TRD, 2679.653846, 155
TRD, 2680.692308, 164
TRD, 2684.961538, 153
TRD, 2685.076923, 154
TRD, 2686.115385, 154
TRD, 2686.153846, 153
TRD, 2686.884615, 158
TRD, 2688.153846, 159
TRD, 2689.653846, 162
TRD, 2689.923077, 162
TRD, 2692.500000, 161
TRD, 2694.115385, 155
TRD, 2694.538462, 155
TRD, 2694.653846, 157
TRD, 2696.692308, 153
TRD, 2698.076923, 146
TRD, 2698.153846, 142
TRD, 2700.038462, 153
TRD, 2701.230769, 152
TRD, 2703.192308, 155
TRD, 2703.769231, 160
TRD, 2704.307692, 160
TRD, 2704.807692, 159
TRD, 2706.692308, 156
TRD, 2707.076923, 156
TRD, 2707.461538, 155
TRD, 2708.884615, 148
TRD, 2709.000000, 162
TRD, 2711.230769, 161
TRD, 2712.884615, 162
TRD, 2714.576923, 164
TRD, 2715.000000, 161
TRD, 2715.769231, 162
TRD, 2716.000000, 159
TRD, 2717.307692, 159
TRD, 2719.384615, 163
TRD, 2719.730769, 165
TRD, 2721.500000, 162
TRD, 2721.653846, 165
TRD, 2721.769231, 154
TRD, 2725.423077, 152
TRD, 2726.846154, 152
TRD, 2727.038462, 154
TRD, 2728.038462, 161
TRD, 2728.153846, 154
TRD, 2731.153846, 162
TRD, 2733.000000, 162
TRD, 2734.038462, 163
TRD, 2734.269231, 164
TRD, 2734.346154, 170
TRD, 2736.769231, 165
TRD, 2737.076923, 160
TRD, 2737.346154, 157
TRD, 2737.384615, 156
TRD, 2739.807692, 166
TRD, 2740.192308, 166
TRD, 2740.500000, 156
TRD, 2742.653846, 158
TRD, 2743.269231, 160
TRD, 2743.423077, 160
TRD, 2744.269231, 158
TRD, 2744.730769, 153
TRD, 2747.423077, 156
TRD, 2748.807692, 158
TRD, 2751.384615, 155
TRD, 2752.115385, 155
TRD, 2752.576923, 154
TRD, 2754.769231, 153
TRD, 2755.692308, 158
TRD, 2756.538462, 167
TRD, 2757.461538, 166
TRD, 2758.153846, 162
TRD, 2759.461538, 169
TRD, 2761.615385, 166
TRD, 2762.346154, 164
TRD, 2762.384615, 165
TRD, 2763.346154, 163
TRD, 2764.038462, 160
TRD, 2765.423077, 160
TRD, 2766.192308, 162
TRD, 2767.961538, 157
TRD, 2769.884615, 149
TRD, 2770.692308, 158
TRD, 2772.038462, 158
TRD, 2774.153846, 158
TRD, 2774.230769, 160
TRD, 2775.192308, 164
TRD, 2775.307692, 163
TRD, 2775.769231, 164
TRD, 2777.423077, 158
TRD, 2778.269231, 160
TRD, 2778.538462, 159
TRD, 2782.653846, 163
TRD, 2783.500000, 165
TRD, 2784.807692, 161
TRD, 2785.461538, 160
TRD, 2786.038462, 160
TRD, 2787.076923, 161
TRD, 2788.576923, 164
TRD, 2791.961538, 160
TRD, 2793.692308, 162
TRD, 2794.730769, 159
TRD, 2794.769231, 155
TRD, 2796.692308, 155
TRD, 2797.923077, 153
TRD, 2798.153846, 152
TRD, 2798.538462, 155
TRD, 2798.576923, 168
TRD, 2799.461538, 170
TRD, 2803.461538, 169
TRD, 2803.615385, 169
TRD, 2803.653846, 164
TRD, 2804.846154, 158
TRD, 2806.000000, 169
TRD, 2806.384615, 157
TRD, 2807.615385, 158
TRD, 2809.615385, 176
TRD, 2809.923077, 166
TRD, 2812.230769, 165
TRD, 2812.730769, 172
TRD, 2814.115385, 160
TRD, 2815.153846, 168
TRD, 2815.576923, 159
TRD, 2816.423077, 163
TRD, 2819.384615, 165
TRD, 2821.423077, 166
TRD, 2821.961538, 167
TRD, 2824.653846, 166
TRD, 2825.884615, 164
TRD, 2826.576923, 162
TRD, 2827.769231, 159
TRD, 2828.038462, 159
TRD, 2828.230769, 160
TRD, 2829.000000, 162
TRD, 2829.307692, 164
TRD, 2832.961538, 167
TRD, 2833.115385, 163
TRD, 2833.269231, 162
TRD, 2835.346154, 160
TRD, 2835.923077, 166
TRD, 2836.346154, 168
TRD, 2836.423077, 170
TRD, 2837.769231, 163
TRD, 2839.653846, 184
TRD, 2840.769231, 182
TRD, 2841.115385, 179
TRD, 2842.153846, 162
TRD, 2842.461538, 183
TRD, 2847.615385, 163
TRD, 2848.230769, 166
TRD, 2850.269231, 162
TRD, 2850.346154, 160
TRD, 2850.461538, 164
TRD, 2850.846154, 166
TRD, 2853.076923, 179
TRD, 2853.384615, 167
TRD, 2855.192308, 177
TRD, 2855.692308, 166
TRD, 2856.192308, 166
TRD, 2859.730769, 184
TRD, 2861.730769, 183
TRD, 2863.269231, 178
TRD, 2865.538462, 177
TRD, 2866.846154, 169
TRD, 2867.730769, 171
TRD, 2868.192308, 171
TRD, 2869.000000, 172
TRD, 2869.653846, 175
TRD, 2870.538462, 169
TRD, 2871.076923, 168
TRD, 2871.423077, 171
TRD, 2872.000000, 162
TRD, 2872.884615, 161
TRD, 2875.384615, 161
TRD, 2876.346154, 166
TRD, 2877.076923, 168
TRD, 2878.384615, 168
TRD, 2878.461538, 160
TRD, 2878.769231, 159
TRD, 2879.230769, 172
TRD, 2881.000000, 166
TRD, 2884.961538, 166
TRD, 2885.038462, 165
TRD, 2886.538462, 163
TRD, 2886.692308, 165
TRD, 2887.038462, 162
TRD, 2887.423077, 165
TRD, 2887.846154, 170
TRD, 2889.461538, 186
TRD, 2891.076923, 184
TRD, 2891.461538, 179
TRD, 2895.000000, 177
TRD, 2896.653846, 175
TRD, 2898.384615, 175
TRD, 2900.192308, 172
TRD, 2900.500000, 172
TRD, 2902.692308, 171
TRD, 2904.230769, 172
TRD, 2904.423077, 170
TRD, 2904.769231, 169
TRD, 2905.961538, 172
TRD, 2907.500000, 167
TRD, 2909.153846, 169
TRD, 2909.730769, 168
TRD, 2910.846154, 155
TRD, 2913.269231, 168
TRD, 2915.038462, 168
TRD, 2917.423077, 168
TRD, 2917.615385, 163
TRD, 2918.846154, 170
TRD, 2919.000000, 170
TRD, 2919.038462, 171
TRD, 2924.423077, 175
TRD, 2924.923077, 174
TRD, 2925.500000, 175
TRD, 2927.269231, 164
TRD, 2927.538462, 163
TRD, 2927.846154, 161
TRD, 2928.538462, 168
TRD, 2930.807692, 160
TRD, 2931.192308, 168
TRD, 2932.576923, 166
TRD, 2933.461538, 166
TRD, 2934.192308, 166
TRD, 2937.038462, 165
TRD, 2937.653846, 175
TRD, 2937.730769, 168
TRD, 2941.192308, 164
TRD, 2941.423077, 171
TRD, 2943.692308, 173
TRD, 2945.000000, 164
TRD, 2947.230769, 164
TRD, 2947.576923, 163
TRD, 2948.961538, 164
TRD, 2949.230769, 164
TRD, 2949.807692, 168
TRD, 2952.153846, 162
TRD, 2953.807692, 162
TRD, 2955.576923, 161
TRD, 2956.538462, 159
TRD, 2957.038462, 161
TRD, 2957.615385, 162
TRD, 2958.769231, 155
TRD, 2958.807692, 156
TRD, 2959.269231, 153
TRD, 2959.653846, 169
TRD, 2962.961538, 161
TRD, 2964.615385, 180
TRD, 2966.307692, 170
TRD, 2966.461538, 165
TRD, 2968.384615, 169
TRD, 2969.653846, 172
TRD, 2970.461538, 172
TRD, 2972.923077, 168
TRD, 2973.461538, 168
TRD, 2975.230769, 166
TRD, 2976.846154, 165
TRD, 2977.615385, 163
TRD, 2978.846154, 163
TRD, 2978.961538, 164
TRD, 2979.846154, 164
TRD, 2980.538462, 165
TRD, 2981.769231, 167
TRD, 2983.269231, 167
TRD, 2985.038462, 168
TRD, 2985.884615, 162
TRD, 2986.192308, 161
TRD, 2987.653846, 168
TRD, 2987.730769, 169
TRD, 2989.346154, 166
TRD, 2989.730769, 178
TRD, 2990.923077, 167
TRD, 2992.730769, 164
TRD, 2994.230769, 163
TRD, 2994.461538, 161
TRD, 2996.461538, 159
TRD, 2997.230769, 161
TRD, 2997.307692, 155
TRD, 2997.730769, 151
TRD, 2999.576923, 181
TRD, 3001.692308, 171
TRD, 3001.846154, 170
TRD, 3003.192308, 154
TRD, 3004.076923, 152
TRD, 3005.346154, 169
TRD, 3006.076923, 186
TRD, 3007.269231, 168
TRD, 3010.384615, 169
TRD, 3010.461538, 170
TRD, 3014.653846, 168
TRD, 3014.807692, 169
TRD, 3015.230769, 170
TRD, 3015.730769, 164
TRD, 3017.192308, 163
TRD, 3018.846154, 171
TRD, 3019.576923, 161
TRD, 3020.153846, 161
TRD, 3021.769231, 163
TRD, 3022.884615, 166
TRD, 3023.076923, 158
TRD, 3025.230769, 164
TRD, 3025.884615, 158
TRD, 3028.884615, 161
TRD, 3029.192308, 163
TRD, 3029.884615, 162
TRD, 3030.307692, 160
TRD, 3031.538462, 160
TRD, 3033.461538, 160
TRD, 3034.692308, 161
TRD, 3036.538462, 166
TRD, 3039.230769, 172
TRD, 3039.769231, 180
TRD, 3040.807692, 171
TRD, 3042.076923, 170
TRD, 3042.576923, 168
TRD, 3043.730769, 172
TRD, 3048.769231, 168
TRD, 3049.884615, 166
TRD, 3053.307692, 171
TRD, 3053.769231, 170
TRD, 3054.846154, 167
TRD, 3055.192308, 167
TRD, 3056.192308, 171
TRD, 3056.576923, 170
TRD, 3056.961538, 161
TRD, 3059.846154, 170
TRD, 3060.269231, 176
TRD, 3063.384615, 171
TRD, 3065.269231, 180
TRD, 3066.846154, 170
TRD, 3067.192308, 167
TRD, 3068.269231, 172
TRD, 3069.153846, 172
TRD, 3071.230769, 166
TRD, 3071.307692, 171
TRD, 3071.384615, 171
TRD, 3071.461538, 163
TRD, 3072.230769, 166
TRD, 3074.538462, 163
TRD, 3074.692308, 160
TRD, 3076.538462, 159
TRD, 3077.653846, 172
TRD, 3078.538462, 159
TRD, 3079.615385, 163
TRD, 3082.000000, 157
TRD, 3082.307692, 156
TRD, 3082.730769, 161
TRD, 3083.307692, 163
TRD, 3083.346154, 164
TRD, 3086.346154, 159
TRD, 3086.730769, 159
TRD, 3087.230769, 155
TRD, 3088.038462, 158
TRD, 3089.269231, 164
TRD, 3091.346154, 171
TRD, 3091.500000, 167
TRD, 3094.230769, 168
TRD, 3094.653846, 169
TRD, 3094.807692, 167
TRD, 3095.653846, 166
TRD, 3096.192308, 165
TRD, 3096.807692, 171
TRD, 3099.730769, 178
TRD, 3100.730769, 173
TRD, 3104.346154, 171
TRD, 3104.884615, 160
TRD, 3106.076923, 160
TRD, 3107.346154, 159
TRD, 3107.423077, 160
TRD, 3110.692308, 158
TRD, 3110.846154, 159
TRD, 3111.423077, 156
TRD, 3112.307692, 159
TRD, 3112.923077, 161
TRD, 3116.346154, 161
TRD, 3117.500000, 159
TRD, 3119.884615, 160
TRD, 3120.076923, 158
TRD, 3120.269231, 160
TRD, 3121.692308, 158
TRD, 3121.769231, 161
TRD, 3121.846154, 163
TRD, 3122.230769, 157
TRD, 3122.615385, 164
TRD, 3123.000000, 158
TRD, 3123.076923, 155
TRD, 3123.115385, 150
TRD, 3126.192308, 161
TRD, 3130.384615, 181
TRD, 3132.076923, 168
TRD, 3132.807692, 179
TRD, 3133.307692, 168
TRD, 3133.769231, 158
TRD, 3137.500000, 161
TRD, 3138.846154, 161
TRD, 3140.500000, 165
TRD, 3141.500000, 165
TRD, 3141.961538, 164
TRD, 3143.500000, 165
TRD, 3143.807692, 159
TRD, 3145.423077, 156
TRD, 3149.807692, 171
TRD, 3150.346154, 166
TRD, 3150.538462, 166
TRD, 3150.576923, 167
TRD, 3150.884615, 168
TRD, 3153.423077, 169
TRD, 3157.653846, 160
TRD, 3158.038462, 160
TRD, 3159.961538, 157
TRD, 3160.423077, 159
TRD, 3160.500000, 160
TRD, 3160.884615, 156
TRD, 3161.153846, 155
TRD, 3161.461538, 164
TRD, 3163.076923, 164
TRD, 3163.846154, 167
TRD, 3164.961538, 158
TRD, 3165.230769, 170
TRD, 3166.076923, 156
TRD, 3168.346154, 157
TRD, 3170.884615, 154
TRD, 3173.769231, 154
TRD, 3174.038462, 152
TRD, 3176.038462, 156
TRD, 3176.384615, 152
TRD, 3177.192308, 163
TRD, 3177.576923, 164
TRD, 3177.923077, 160
TRD, 3179.038462, 151
TRD, 3181.269231, 158
TRD, 3182.500000, 153
TRD, 3182.653846, 163
TRD, 3183.615385, 175
TRD, 3187.153846, 157
TRD, 3188.500000, 162
TRD, 3189.692308, 164
TRD, 3191.615385, 168
TRD, 3192.000000, 169
TRD, 3193.115385, 167
TRD, 3193.961538, 166
TRD, 3194.384615, 154
TRD, 3196.346154, 156
TRD, 3196.461538, 164
TRD, 3199.038462, 163
TRD, 3199.230769, 163
TRD, 3201.076923, 162
TRD, 3203.153846, 159
TRD, 3203.346154, 162
TRD, 3205.153846, 167
TRD, 3208.076923, 162
TRD, 3208.384615, 161
TRD, 3209.000000, 160
TRD, 3209.923077, 156
TRD, 3210.807692, 163
TRD, 3211.115385, 162
TRD, 3212.961538, 160
TRD, 3214.384615, 160
TRD, 3214.653846, 154
TRD, 3215.615385, 160
TRD, 3216.730769, 165
TRD, 3218.615385, 160
TRD, 3219.230769, 180
TRD, 3219.653846, 157
TRD, 3224.269231, 160
TRD, 3224.307692, 160
TRD, 3225.423077, 161
TRD, 3226.346154, 161
TRD, 3227.115385, 165
TRD, 3229.076923, 161
TRD, 3229.615385, 169
TRD, 3230.307692, 169
TRD, 3230.423077, 158
TRD, 3232.076923, 165
TRD, 3232.538462, 164
TRD, 3233.500000, 162
TRD, 3233.769231, 154
TRD, 3234.384615, 169
TRD, 3234.769231, 152
TRD, 3239.538462, 156
TRD, 3240.115385, 157
TRD, 3240.423077, 157
TRD, 3240.500000, 158
TRD, 3240.923077, 160
TRD, 3241.269231, 163
TRD, 3242.461538, 161
TRD, 3244.269231, 155
TRD, 3244.884615, 159
TRD, 3245.115385, 161
TRD, 3245.307692, 159
TRD, 3246.846154, 162
TRD, 3247.038462, 164
TRD, 3248.461538, 165
TRD, 3249.730769, 153
TRD, 3251.461538, 148
TRD, 3251.538462, 149
TRD, 3251.769231, 151
TRD, 3253.538462, 151
TRD, 3255.230769, 152
TRD, 3255.461538, 152
TRD, 3258.500000, 156
TRD, 3258.730769, 155
TRD, 3259.692308, 155
TRD, 3259.961538, 154
TRD, 3260.961538, 155
TRD, 3261.576923, 148
TRD, 3261.730769, 164
TRD, 3263.038462, 155
TRD, 3263.884615, 161
TRD, 3269.692308, 178
TRD, 3269.730769, 177
TRD, 3269.923077, 169
TRD, 3271.038462, 168
TRD, 3272.000000, 168
TRD, 3272.538462, 156
TRD, 3273.615385, 174
TRD, 3275.384615, 168
TRD, 3277.769231, 167
TRD, 3279.384615, 165
TRD, 3281.115385, 164
TRD, 3281.423077, 163
TRD, 3282.615385, 162
TRD, 3283.884615, 162
TRD, 3284.000000, 162
TRD, 3284.076923, 161
TRD, 3286.500000, 165
TRD, 3287.038462, 164
TRD, 3287.423077, 158
TRD, 3288.807692, 165
TRD, 3289.346154, 167
TRD, 3290.000000, 157
TRD, 3293.038462, 179
TRD, 3293.192308, 174
TRD, 3295.153846, 180
TRD, 3300.615385, 170
TRD, 3301.807692, 175
TRD, 3302.461538, 171
TRD, 3302.846154, 173
TRD, 3303.730769, 169
TRD, 3304.038462, 172
TRD, 3304.461538, 168
TRD, 3305.038462, 167
TRD, 3306.076923, 165
TRD, 3306.576923, 172
TRD, 3307.000000, 159
TRD, 3310.807692, 157
TRD, 3312.423077, 157
TRD, 3313.461538, 164
TRD, 3316.461538, 157
TRD, 3316.576923, 157
TRD, 3316.730769, 156
TRD, 3317.769231, 155
TRD, 3317.961538, 151
TRD, 3320.346154, 156
TRD, 3320.846154, 158
TRD, 3322.730769, 161
TRD, 3323.692308, 161
TRD, 3324.230769, 164
TRD, 3324.538462, 167
TRD, 3327.115385, 169
TRD, 3327.346154, 168
TRD, 3328.730769, 171
TRD, 3329.653846, 168
TRD, 3331.846154, 169
TRD, 3332.307692, 168
TRD, 3334.538462, 164
TRD, 3336.000000, 171
TRD, 3338.192308, 168
TRD, 3339.423077, 163
TRD, 3340.038462, 168
TRD, 3341.615385, 164
TRD, 3342.576923, 163
TRD, 3344.115385, 161
TRD, 3345.461538, 161
TRD, 3346.038462, 159
TRD, 3346.653846, 160
TRD, 3347.153846, 164
TRD, 3349.115385, 165
TRD, 3349.192308, 161
TRD, 3350.423077, 174
TRD, 3352.769231, 178
TRD, 3355.230769, 173
TRD, 3356.153846, 169
TRD, 3357.653846, 168
TRD, 3357.730769, 168
TRD, 3358.769231, 165
TRD, 3360.076923, 165
TRD, 3362.192308, 166
TRD, 3362.230769, 167
TRD, 3362.461538, 168
TRD, 3362.807692, 171
TRD, 3363.576923, 166
TRD, 3363.807692, 160
TRD, 3365.461538, 164
TRD, 3367.538462, 162
TRD, 3370.192308, 169
TRD, 3372.423077, 170
TRD, 3374.807692, 169
TRD, 3377.884615, 163
TRD, 3378.384615, 164
TRD, 3379.461538, 162
TRD, 3380.576923, 163
TRD, 3382.384615, 162
TRD, 3382.461538, 160
TRD, 3383.538462, 164
TRD, 3383.846154, 159
TRD, 3384.230769, 166
TRD, 3385.269231, 168
TRD, 3387.384615, 160
TRD, 3387.692308, 159
TRD, 3390.461538, 183
TRD, 3392.692308, 174
TRD, 3394.269231, 171
TRD, 3396.846154, 170
TRD, 3397.500000, 163
TRD, 3399.769231, 161
TRD, 3401.038462, 159
TRD, 3401.307692, 165
TRD, 3403.846154, 164
TRD, 3407.538462, 160
TRD, 3408.230769, 161
TRD, 3409.153846, 158
TRD, 3409.807692, 161
TRD, 3413.730769, 156
TRD, 3414.346154, 161
TRD, 3414.961538, 157
TRD, 3415.615385, 155
TRD, 3415.730769, 153
TRD, 3417.307692, 150
TRD, 3417.807692, 158
TRD, 3419.576923, 159
TRD, 3419.769231, 162
TRD, 3421.230769, 162
TRD, 3421.384615, 161
TRD, 3423.000000, 163
TRD, 3423.384615, 164
TRD, 3423.653846, 165
TRD, 3426.153846, 175
TRD, 3427.153846, 166
TRD, 3427.423077, 159
TRD, 3430.115385, 176
TRD, 3430.384615, 156
TRD, 3431.923077, 156
TRD, 3432.807692, 153
TRD, 3433.115385, 155
TRD, 3435.461538, 173
TRD, 3437.115385, 172
TRD, 3438.346154, 165
TRD, 3438.384615, 155
TRD, 3439.615385, 164
TRD, 3440.692308, 164
TRD, 3442.153846, 156
TRD, 3444.192308, 158
TRD, 3445.000000, 159
TRD, 3445.923077, 158
TRD, 3446.192308, 159
TRD, 3446.730769, 151
TRD, 3448.384615, 151
TRD, 3448.769231, 152
TRD, 3448.807692, 151
TRD, 3452.961538, 156
TRD, 3453.230769, 155
TRD, 3454.115385, 161
TRD, 3454.461538, 161
TRD, 3454.961538, 155
TRD, 3455.500000, 151
TRD, 3462.423077, 167
TRD, 3462.961538, 165
TRD, 3463.115385, 164
TRD, 3463.653846, 165
TRD, 3464.115385, 165
TRD, 3465.500000, 163
TRD, 3465.653846, 165
TRD, 3466.307692, 158
TRD, 3469.384615, 182
TRD, 3470.307692, 174
TRD, 3472.423077, 174
TRD, 3474.000000, 171
TRD, 3474.846154, 173
TRD, 3475.346154, 168
TRD, 3476.884615, 165
TRD, 3477.500000, 163
TRD, 3479.807692, 166
TRD, 3481.692308, 156
TRD, 3482.807692, 157
TRD, 3483.230769, 161
TRD, 3485.384615, 154
TRD, 3485.538462, 163
TRD, 3487.346154, 168
TRD, 3488.692308, 158
TRD, 3489.000000, 168
TRD, 3490.576923, 158
TRD, 3490.884615, 152
TRD, 3491.153846, 163
TRD, 3491.769231, 144
TRD, 3493.230769, 159
TRD, 3493.423077, 160
TRD, 3494.807692, 158
TRD, 3495.846154, 162
TRD, 3497.653846, 161
TRD, 3498.269231, 160
TRD, 3499.230769, 160
TRD, 3502.000000, 157
TRD, 3503.538462, 159
TRD, 3503.884615, 162
TRD, 3505.346154, 161
TRD, 3506.807692, 158
TRD, 3507.500000, 161
TRD, 3507.846154, 155
TRD, 3510.307692, 163
TRD, 3513.923077, 168
TRD, 3514.307692, 167
TRD, 3515.461538, 165
TRD, 3520.038462, 163
TRD, 3520.653846, 169
TRD, 3521.769231, 168
TRD, 3521.807692, 157
TRD, 3523.538462, 170
TRD, 3525.384615, 157
TRD, 3526.576923, 165
TRD, 3528.692308, 159
TRD, 3530.230769, 161
TRD, 3532.500000, 158
TRD, 3533.384615, 159
TRD, 3533.961538, 158
TRD, 3534.307692, 161
TRD, 3534.346154, 162
TRD, 3534.692308, 155
TRD, 3535.307692, 165
TRD, 3537.230769, 154
TRD, 3537.576923, 155
TRD, 3539.807692, 156
TRD, 3542.538462, 183
TRD, 3543.730769, 178
TRD, 3547.423077, 174
TRD, 3548.538462, 170
TRD, 3550.576923, 158
TRD, 3552.038462, 158
TRD, 3552.307692, 167
TRD, 3555.961538, 161
TRD, 3556.000000, 162
TRD, 3556.307692, 161
TRD, 3556.884615, 162
TRD, 3557.576923, 168
TRD, 3557.884615, 168
TRD, 3560.230769, 167
TRD, 3560.538462, 171
TRD, 3563.346154, 170
TRD, 3563.615385, 161
TRD, 3564.307692, 157
TRD, 3566.423077, 166
TRD, 3568.961538, 166
TRD, 3569.269231, 165
TRD, 3570.346154, 161
TRD, 3571.423077, 163
TRD, 3573.461538, 161
TRD, 3575.153846, 162
TRD, 3577.346154, 161
TRD, 3577.653846, 164
TRD, 3578.846154, 165
TRD, 3580.461538, 168
TRD, 3581.807692, 160
TRD, 3582.615385, 164
TRD, 3584.076923, 169
TRD, 3588.653846, 167
TRD, 3589.538462, 156
TRD, 3591.692308, 164
TRD, 3593.269231, 163
TRD, 3593.846154, 166
TRD, 3594.692308, 163
TRD, 3594.846154, 164
TRD, 3595.076923, 169
TRD, 3596.884615, 162
TRD, 3596.923077, 161
TRD, 3597.346154, 170
TRD, 3597.923077, 183
TRD, 3600.307692, 172
TRD, 3603.346154, 176
TRD, 3604.423077, 176
TRD, 3604.923077, 175
TRD, 3606.846154, 170
TRD, 3610.115385, 167
TRD, 3612.269231, 168
TRD, 3613.961538, 163
TRD, 3614.307692, 163
TRD, 3614.346154, 161
TRD, 3615.346154, 164
TRD, 3615.730769, 164
TRD, 3616.269231, 176
TRD, 3616.346154, 159
TRD, 3616.730769, 155
TRD, 3620.615385, 168
TRD, 3622.923077, 167
TRD, 3623.769231, 164
TRD, 3624.230769, 154
TRD, 3625.807692, 150
TRD, 3626.269231, 150
TRD, 3629.538462, 152
TRD, 3629.653846, 153
TRD, 3630.076923, 165
TRD, 3632.000000, 160
TRD, 3633.115385, 159
TRD, 3634.115385, 159
TRD, 3634.384615, 158
TRD, 3634.461538, 160
TRD, 3636.269231, 157
TRD, 3636.923077, 155
TRD, 3637.153846, 174
TRD, 3639.961538, 180
TRD, 3644.192308, 180
TRD, 3646.269231, 176
TRD, 3647.153846, 167
TRD, 3647.692308, 163
TRD, 3648.807692, 163
TRD, 3649.230769, 158
TRD, 3652.615385, 158
TRD, 3652.923077, 157
TRD, 3654.153846, 159
TRD, 3658.115385, 160
TRD, 3658.423077, 161
TRD, 3658.576923, 158
TRD, 3659.615385, 160
TRD, 3660.038462, 157
TRD, 3662.307692, 151
TRD, 3663.346154, 152
TRD, 3664.384615, 153
TRD, 3664.461538, 154
TRD, 3665.961538, 156
TRD, 3667.653846, 157
TRD, 3667.923077, 156
TRD, 3668.807692, 158
TRD, 3672.384615, 163
TRD, 3672.653846, 160
TRD, 3673.730769, 163
TRD, 3674.000000, 161
TRD, 3675.153846, 163
TRD, 3675.230769, 164
TRD, 3676.884615, 166
TRD, 3677.461538, 159
TRD, 3678.346154, 158
TRD, 3680.192308, 156
TRD, 3680.230769, 162
TRD, 3684.269231, 158
TRD, 3684.384615, 159
TRD, 3685.615385, 155
TRD, 3687.230769, 156
TRD, 3688.076923, 160
TRD, 3688.615385, 163
TRD, 3690.269231, 150
TRD, 3691.230769, 176
TRD, 3693.076923, 150
TRD, 3694.307692, 153
TRD, 3694.461538, 149
TRD, 3695.038462, 154
TRD, 3696.576923, 174
TRD, 3699.923077, 156
TRD, 3701.153846, 153
TRD, 3702.769231, 157
TRD, 3703.153846, 159
TRD, 3704.538462, 159
TRD, 3704.846154, 160
TRD, 3705.884615, 157
TRD, 3707.615385, 156
TRD, 3708.769231, 157
TRD, 3711.884615, 153
TRD, 3712.038462, 151
TRD, 3713.692308, 150
TRD, 3713.961538, 158
TRD, 3715.615385, 158
TRD, 3715.807692, 157
TRD, 3717.307692, 156
TRD, 3717.653846, 157
TRD, 3717.884615, 149
TRD, 3718.000000, 147
TRD, 3718.384615, 142
TRD, 3719.000000, 143
TRD, 3719.115385, 144
TRD, 3721.461538, 164
TRD, 3721.807692, 161
TRD, 3722.961538, 161
TRD, 3724.923077, 171
TRD, 3726.538462, 178
TRD, 3726.961538, 166
TRD, 3730.307692, 164
TRD, 3731.153846, 158
TRD, 3731.192308, 153
TRD, 3731.384615, 152
TRD, 3732.884615, 159
TRD, 3733.038462, 159
TRD, 3737.461538, 151
TRD, 3738.307692, 156
TRD, 3738.961538, 160
TRD, 3740.769231, 158
TRD, 3740.961538, 157
TRD, 3741.692308, 153
TRD, 3744.269231, 155
TRD, 3745.115385, 156
TRD, 3746.615385, 154
TRD, 3747.000000, 153
TRD, 3747.653846, 155
TRD, 3751.192308, 160
TRD, 3753.076923, 159
TRD, 3753.115385, 157
TRD, 3755.076923, 156
TRD, 3755.307692, 156
TRD, 3756.538462, 156
TRD, 3758.115385, 147
TRD, 3758.653846, 146
TRD, 3760.500000, 149
TRD, 3761.192308, 150
TRD, 3761.423077, 146
TRD, 3762.153846, 151
TRD, 3763.884615, 159
TRD, 3765.346154, 158
TRD, 3768.115385, 166
TRD, 3769.230769, 165
TRD, 3769.615385, 157
TRD, 3771.692308, 157
TRD, 3774.923077, 157
TRD, 3775.230769, 154
TRD, 3775.500000, 161
TRD, 3775.576923, 164
TRD, 3778.307692, 155
TRD, 3779.576923, 156
TRD, 3780.923077, 155
TRD, 3781.115385, 156
TRD, 3782.230769, 153
TRD, 3783.038462, 156
TRD, 3783.115385, 158
TRD, 3783.423077, 161
TRD, 3785.346154, 154
TRD, 3785.807692, 154
TRD, 3786.230769, 152
TRD, 3786.653846, 165
TRD, 3786.769231, 150
TRD, 3791.615385, 160
TRD, 3792.346154, 153
TRD, 3793.000000, 161
TRD, 3794.730769, 134
TRD, 3795.384615, 154
TRD, 3795.538462, 157
TRD, 3796.346154, 146
TRD, 3797.807692, 159
TRD, 3797.923077, 157
TRD, 3802.307692, 177
TRD, 3802.461538, 168
TRD, 3803.961538, 167
TRD, 3804.269231, 166
TRD, 3804.961538, 173
TRD, 3806.538462, 170
TRD, 3806.576923, 172
TRD, 3807.346154, 167
TRD, 3807.538462, 163
TRD, 3809.961538, 162
TRD, 3810.346154, 162
TRD, 3810.923077, 166
TRD, 3811.846154, 160
TRD, 3814.384615, 160
TRD, 3814.846154, 159
TRD, 3815.115385, 157
TRD, 3815.692308, 179
TRD, 3817.653846, 168
TRD, 3818.692308, 171
TRD, 3819.653846, 172
TRD, 3821.884615, 176
TRD, 3822.230769, 175
TRD, 3824.076923, 170
TRD, 3824.923077, 167
TRD, 3825.307692, 164
TRD, 3826.423077, 177
TRD, 3827.038462, 177
TRD, 3827.576923, 163
TRD, 3827.730769, 157
TRD, 3830.538462, 154
TRD, 3830.615385, 155
TRD, 3832.692308, 161
TRD, 3832.923077, 159
TRD, 3833.500000, 148
TRD, 3835.615385, 167
TRD, 3835.884615, 152
TRD, 3838.230769, 175
TRD, 3842.153846, 174
TRD, 3843.076923, 171
TRD, 3845.115385, 169
TRD, 3845.576923, 166
TRD, 3846.846154, 164
TRD, 3846.961538, 160
TRD, 3848.423077, 177
TRD, 3849.500000, 159
TRD, 3852.269231, 158
TRD, 3852.538462, 159
TRD, 3853.115385, 157
TRD, 3853.961538, 156
TRD, 3854.269231, 160
TRD, 3855.423077, 150
TRD, 3856.076923, 161
TRD, 3858.346154, 165
TRD, 3861.615385, 174
TRD, 3861.961538, 164
TRD, 3862.000000, 164
TRD, 3865.115385, 161
TRD, 3866.423077, 160
TRD, 3867.153846, 159
TRD, 3867.269231, 161
TRD, 3867.576923, 157
TRD, 3869.461538, 161
TRD, 3870.538462, 166
TRD, 3870.807692, 154
TRD, 3873.961538, 163
TRD, 3875.153846, 165
TRD, 3876.346154, 166
TRD, 3878.307692, 162
TRD, 3878.615385, 164
TRD, 3879.884615, 158
TRD, 3880.846154, 159
TRD, 3881.730769, 162
TRD, 3882.692308, 165
TRD, 3884.153846, 152
TRD, 3885.538462, 159
TRD, 3885.615385, 156
TRD, 3886.730769, 167
TRD, 3886.884615, 161
TRD, 3893.307692, 161
TRD, 3894.269231, 159
TRD, 3895.500000, 160
TRD, 3895.961538, 158
TRD, 3896.346154, 155
TRD, 3896.500000, 161
TRD, 3896.576923, 161
TRD, 3898.384615, 151
TRD, 3898.653846, 153
TRD, 3900.461538, 154
TRD, 3900.653846, 157
TRD, 3901.807692, 154
TRD, 3904.384615, 162
TRD, 3904.615385, 154
TRD, 3905.269231, 162
TRD, 3906.076923, 154
TRD, 3906.576923, 150
TRD, 3909.461538, 170
TRD, 3912.615385, 159
TRD, 3915.576923, 155
TRD, 3916.115385, 161
TRD, 3916.153846, 162
TRD, 3916.576923, 160
TRD, 3917.615385, 160
TRD, 3917.653846, 165
TRD, 3919.115385, 159
TRD, 3921.769231, 163
TRD, 3923.846154, 164
TRD, 3923.923077, 164
TRD, 3925.269231, 163
TRD, 3925.961538, 158
TRD, 3926.230769, 164
TRD, 3927.115385, 161
TRD, 3927.576923, 157
TRD, 3929.653846, 162
TRD, 3932.192308, 165
TRD, 3932.461538, 167
TRD, 3933.230769, 169
TRD, 3935.076923, 161
TRD, 3937.269231, 164
TRD, 3937.576923, 160
TRD, 3940.115385, 161
TRD, 3940.384615, 161
TRD, 3941.000000, 160
TRD, 3941.576923, 159
TRD, 3941.961538, 156
TRD, 3946.192308, 160
TRD, 3946.692308, 159
TRD, 3952.153846, 159
TRD, 3952.615385, 160
TRD, 3955.000000, 158
TRD, 3955.115385, 156
TRD, 3956.846154, 157
TRD, 3957.038462, 160
TRD, 3957.346154, 162
TRD, 3957.576923, 162
TRD, 3958.076923, 162
TRD, 3958.692308, 158
TRD, 3960.423077, 161
TRD, 3962.730769, 163
TRD, 3963.269231, 160
TRD, 3965.500000, 162
TRD, 3967.000000, 159
TRD, 3967.076923, 157
TRD, 3968.269231, 164
TRD, 3970.923077, 156
TRD, 3972.384615, 160
TRD, 3974.038462, 160
TRD, 3974.153846, 159
TRD, 3976.038462, 160
TRD, 3977.346154, 161
TRD, 3978.653846, 173
TRD, 3979.153846, 168
TRD, 3981.461538, 170
TRD, 3982.230769, 167
TRD, 3983.269231, 165
TRD, 3984.192308, 164
TRD, 3984.576923, 163
TRD, 3985.769231, 149
TRD, 3988.307692, 158
TRD, 3988.807692, 154
TRD, 3990.692308, 156
TRD, 3991.076923, 157
TRD, 3991.115385, 165
TRD, 3991.961538, 162
TRD, 3996.269231, 164
TRD, 3996.653846, 163
TRD, 3996.730769, 165
TRD, 3998.461538, 165
TRD, 3999.653846, 162
TRD, 4000.076923, 165
TRD, 4002.076923, 179
TRD, 4002.923077, 165
TRD, 4003.769231, 165
TRD, 4004.923077, 165
TRD, 4005.269231, 163
TRD, 4006.346154, 164
TRD, 4007.000000, 163
TRD, 4010.230769, 161
TRD, 4010.576923, 160
TRD, 4012.961538, 152
TRD, 4013.769231, 152
TRD, 4014.423077, 151
TRD, 4016.846154, 156
TRD, 4017.538462, 154
TRD, 4017.884615, 150
TRD, 4020.346154, 155
TRD, 4020.769231, 147
TRD, 4023.000000, 158
TRD, 4023.307692, 159
TRD, 4024.192308, 157
TRD, 4025.269231, 164
TRD, 4025.307692, 156
TRD, 4027.346154, 162
TRD, 4028.769231, 162
TRD, 4029.384615, 151
TRD, 4030.961538, 160
TRD, 4031.038462, 148
TRD, 4031.923077, 147
TRD, 4034.500000, 152
TRD, 4036.230769, 165
TRD, 4036.346154, 164
TRD, 4036.884615, 166
TRD, 4037.692308, 155
TRD, 4038.653846, 163
TRD, 4039.269231, 162
TRD, 4039.884615, 156
TRD, 4043.846154, 181
TRD, 4044.500000, 159
TRD, 4046.153846, 173
TRD, 4046.346154, 160
TRD, 4048.846154, 166
TRD, 4050.615385, 165
TRD, 4050.807692, 167
TRD, 4051.038462, 169
TRD, 4051.192308, 168
TRD, 4051.384615, 174
TRD, 4053.500000, 159
TRD, 4054.307692, 156
TRD, 4055.576923, 171
TRD, 4056.307692, 181
TRD, 4057.769231, 179
TRD, 4061.461538, 172
TRD, 4061.653846, 164
TRD, 4061.884615, 157
TRD, 4062.500000, 162
TRD, 4063.076923, 171
TRD, 4063.576923, 160
TRD, 4066.153846, 162
TRD, 4067.000000, 152
TRD, 4067.307692, 153
TRD, 4068.846154, 162
TRD, 4069.615385, 157
TRD, 4070.846154, 155
TRD, 4071.500000, 147
TRD, 4073.538462, 158
TRD, 4075.115385, 160
TRD, 4075.653846, 162
TRD, 4075.769231, 166
TRD, 4077.384615, 173
TRD, 4080.807692, 163
TRD, 4081.769231, 161
TRD, 4083.230769, 158
TRD, 4086.615385, 159
TRD, 4089.038462, 158
TRD, 4090.038462, 158
TRD, 4090.115385, 160
TRD, 4090.192308, 160
TRD, 4091.038462, 160
TRD, 4091.769231, 161
TRD, 4093.346154, 159
TRD, 4093.884615, 155
TRD, 4094.653846, 158
TRD, 4096.307692, 152
TRD, 4098.307692, 154
TRD, 4100.000000, 157
TRD, 4101.076923, 156
TRD, 4101.269231, 153
TRD, 4101.769231, 152
TRD, 4102.384615, 151
TRD, 4103.807692, 156
TRD, 4106.730769, 154
TRD, 4110.076923, 156
TRD, 4110.500000, 157
TRD, 4111.692308, 155
TRD, 4112.384615, 153
TRD, 4113.038462, 155
TRD, 4113.653846, 162
TRD, 4114.615385, 166
TRD, 4115.615385, 159
TRD, 4115.807692, 181
TRD, 4117.230769, 158
TRD, 4117.807692, 170
TRD, 4119.923077, 164
TRD, 4120.115385, 166
TRD, 4121.307692, 167
TRD, 4123.346154, 163
TRD, 4123.923077, 162
TRD, 4124.153846, 159
TRD, 4124.500000, 161
TRD, 4125.923077, 164
TRD, 4128.000000, 162
TRD, 4130.153846, 158
TRD, 4130.307692, 164
TRD, 4130.538462, 165
TRD, 4133.076923, 164
TRD, 4133.576923, 159
TRD, 4134.769231, 164
TRD, 4134.846154, 163
TRD, 4135.615385, 152
TRD, 4136.307692, 167
TRD, 4138.423077, 156
TRD, 4140.807692, 169
TRD, 4141.500000, 161
TRD, 4143.653846, 176
TRD, 4143.807692, 157
TRD, 4144.884615, 173
TRD, 4146.038462, 173
TRD, 4148.846154, 156
TRD, 4149.461538, 153
TRD, 4150.576923, 153
TRD, 4151.230769, 153
TRD, 4151.538462, 161
TRD, 4154.923077, 154
TRD, 4154.961538, 155
TRD, 4156.076923, 157
TRD, 4158.000000, 161
TRD, 4159.500000, 159
TRD, 4160.346154, 156
TRD, 4161.307692, 166
TRD, 4162.384615, 168
TRD, 4164.961538, 157
TRD, 4166.961538, 162
TRD, 4168.461538, 162
TRD, 4168.653846, 161
TRD, 4169.115385, 164
TRD, 4169.461538, 165
TRD, 4170.346154, 163
TRD, 4171.153846, 164
TRD, 4171.807692, 161
TRD, 4172.153846, 154
TRD, 4172.384615, 155
TRD, 4173.153846, 152
TRD, 4173.923077, 165
TRD, 4175.000000, 170
TRD, 4175.384615, 160
TRD, 4179.653846, 161
TRD, 4180.192308, 159
TRD, 4183.769231, 178
TRD, 4183.807692, 175
TRD, 4185.730769, 174
TRD, 4186.923077, 169
TRD, 4188.461538, 170
TRD, 4188.769231, 170
TRD, 4189.730769, 170
TRD, 4190.230769, 170
TRD, 4192.076923, 169
TRD, 4193.076923, 163
TRD, 4197.807692, 170
TRD, 4198.000000, 165
TRD, 4198.230769, 167
TRD, 4198.423077, 173
TRD, 4199.538462, 164
TRD, 4200.423077, 160
TRD, 4204.576923, 169
TRD, 4205.884615, 173
TRD, 4207.807692, 169
TRD, 4207.961538, 168
TRD, 4208.038462, 162
TRD, 4208.846154, 156
TRD, 4209.807692, 153
TRD, 4212.192308, 160
TRD, 4213.269231, 153
TRD, 4215.000000, 155
TRD, 4216.692308, 153
TRD, 4217.384615, 155
TRD, 4217.461538, 161
TRD, 4219.153846, 155
TRD, 4219.384615, 157
TRD, 4219.807692, 150
TRD, 4219.884615, 165
TRD, 4221.615385, 183
TRD, 4223.076923, 163
TRD, 4223.576923, 164
TRD, 4225.384615, 168
TRD, 4225.500000, 166
TRD, 4225.769231, 164
TRD, 4230.423077, 177
TRD, 4231.923077, 175
TRD, 4232.653846, 162
TRD, 4233.153846, 176
TRD, 4235.846154, 171
TRD, 4236.846154, 163
TRD, 4237.653846, 163
TRD, 4238.423077, 163
TRD, 4239.038462, 162
TRD, 4240.692308, 160
TRD, 4241.153846, 159
TRD, 4241.192308, 161
TRD, 4241.615385, 161
TRD, 4242.461538, 157
TRD, 4244.923077, 158
TRD, 4248.000000, 161
TRD, 4248.384615, 170
TRD, 4249.807692, 161
TRD, 4250.730769, 160
TRD, 4251.653846, 160
TRD, 4251.884615, 159
TRD, 4254.115385, 161
TRD, 4255.230769, 169
TRD, 4255.576923, 160
TRD, 4256.000000, 147
TRD, 4257.846154, 162
TRD, 4258.846154, 173
TRD, 4260.269231, 156
TRD, 4265.115385, 164
TRD, 4265.230769, 159
TRD, 4266.461538, 163
TRD, 4267.653846, 160
TRD, 4268.038462, 159
TRD, 4269.846154, 163
TRD, 4269.923077, 165
TRD, 4272.730769, 163
TRD, 4274.423077, 162
TRD, 4274.807692, 166
TRD, 4276.576923, 162
TRD, 4277.269231, 166
TRD, 4278.384615, 180
TRD, 4278.846154, 163
TRD, 4281.576923, 156
TRD, 4282.000000, 158
TRD, 4282.692308, 157
TRD, 4284.923077, 150
TRD, 4284.961538, 159
TRD, 4288.153846, 159
TRD, 4289.115385, 159
TRD, 4289.461538, 159
TRD, 4290.538462, 160
TRD, 4290.576923, 163
TRD, 4290.807692, 164
TRD, 4291.307692, 158
TRD, 4291.576923, 138
TRD, 4294.884615, 158
TRD, 4295.153846, 157
TRD, 4296.692308, 160
TRD, 4299.576923, 159
TRD, 4302.153846, 156
TRD, 4303.115385, 154
TRD, 4303.230769, 159
TRD, 4304.192308, 153
TRD, 4304.461538, 160
TRD, 4305.115385, 176
TRD, 4306.615385, 158
TRD, 4307.961538, 165
TRD, 4311.846154, 158
TRD, 4312.038462, 164
TRD, 4315.461538, 167
TRD, 4315.692308, 168
TRD, 4317.807692, 162
TRD, 4317.884615, 165
TRD, 4318.269231, 166
TRD, 4320.192308, 161
TRD, 4322.884615, 162
TRD, 4324.307692, 160
TRD, 4324.346154, 159
TRD, 4324.384615, 163
TRD, 4324.884615, 161
TRD, 4325.038462, 159
TRD, 4325.538462, 158
TRD, 4326.307692, 170
TRD, 4327.653846, 172
TRD, 4328.538462, 172
TRD, 4330.961538, 162
TRD, 4331.500000, 161
TRD, 4335.230769, 179
TRD, 4336.461538, 177
TRD, 4336.961538, 175
TRD, 4337.153846, 174
TRD, 4338.269231, 173
TRD, 4340.153846, 166
TRD, 4340.961538, 167
TRD, 4341.038462, 165
TRD, 4342.500000, 164
TRD, 4343.807692, 163
TRD, 4344.615385, 157
TRD, 4346.230769, 166
TRD, 4346.692308, 160
TRD, 4346.923077, 164
TRD, 4347.000000, 169
TRD, 4347.730769, 159
TRD, 4348.115385, 167
TRD, 4348.807692, 168
TRD, 4350.807692, 159
TRD, 4354.846154, 161
TRD, 4355.230769, 158
TRD, 4355.500000, 157
TRD, 4355.769231, 159
TRD, 4355.923077, 161
TRD, 4356.192308, 165
TRD, 4357.269231, 156
TRD, 4357.692308, 154
TRD, 4358.653846, 175
TRD, 4361.615385, 179
TRD, 4362.038462, 174
TRD, 4365.230769, 180
TRD, 4366.846154, 170
TRD, 4367.307692, 162
TRD, 4368.769231, 182
TRD, 4368.923077, 176
TRD, 4371.423077, 173
TRD, 4372.653846, 158
TRD, 4373.884615, 160
TRD, 4376.230769, 158
TRD, 4377.192308, 160
TRD, 4378.000000, 165
TRD, 4379.384615, 168
TRD, 4380.384615, 167
TRD, 4380.615385, 169
TRD, 4381.461538, 162
TRD, 4381.500000, 155
TRD, 4385.307692, 179
TRD, 4389.000000, 171
TRD, 4389.538462, 177
TRD, 4389.653846, 180
TRD, 4390.730769, 166
TRD, 4392.192308, 160
TRD, 4394.346154, 163
TRD, 4395.307692, 167
TRD, 4395.461538, 169
TRD, 4396.576923, 159
TRD, 4396.615385, 158
TRD, 4397.076923, 168
TRD, 4399.192308, 154
TRD, 4400.500000, 182
TRD, 4403.384615, 167
TRD, 4404.730769, 158
TRD, 4404.807692, 157
TRD, 4406.769231, 175
TRD, 4408.538462, 158
TRD, 4408.884615, 157
TRD, 4411.076923, 164
TRD, 4411.500000, 173
TRD, 4412.115385, 163
TRD, 4413.307692, 164
TRD, 4413.384615, 164
TRD, 4414.038462, 157
TRD, 4416.346154, 166
TRD, 4418.346154, 164
TRD, 4418.500000, 162
TRD, 4420.730769, 163
TRD, 4421.076923, 162
TRD, 4422.807692, 162
TRD, 4424.038462, 162
TRD, 4424.269231, 160
TRD, 4425.076923, 160
TRD, 4427.307692, 164
TRD, 4427.653846, 165
TRD, 4428.076923, 167
TRD, 4429.346154, 149
TRD, 4431.000000, 165
TRD, 4432.307692, 161
TRD, 4433.730769, 162
TRD, 4435.000000, 161
TRD, 4435.076923, 160
TRD, 4437.115385, 169
TRD, 4438.423077, 166
TRD, 4440.000000, 161
TRD, 4441.500000, 159
TRD, 4441.615385, 156
TRD, 4443.192308, 157
TRD, 4443.461538, 156
TRD, 4444.538462, 152
TRD, 4444.769231, 157
TRD, 4446.192308, 159
TRD, 4447.230769, 158
TRD, 4448.153846, 159
TRD, 4449.076923, 161
TRD, 4450.038462, 164
TRD, 4450.500000, 157
TRD, 4451.615385, 158
TRD, 4451.769231, 147
TRD, 4452.500000, 166
TRD, 4452.884615, 165
TRD, 4453.538462, 178
TRD, 4458.269231, 176
TRD, 4459.538462, 171
TRD, 4459.653846, 167
TRD, 4460.269231, 171
TRD, 4462.269231, 165
TRD, 4463.230769, 164
TRD, 4463.269231, 154
TRD, 4463.769231, 153
TRD, 4464.576923, 165
TRD, 4466.423077, 162
TRD, 4467.576923, 161
TRD, 4470.307692, 159
TRD, 4471.538462, 158
TRD, 4473.230769, 151
TRD, 4475.076923, 163
TRD, 4476.961538, 161
TRD, 4478.346154, 156
TRD, 4478.423077, 157
TRD, 4478.538462, 166
TRD, 4479.653846, 167
TRD, 4480.500000, 166
TRD, 4483.653846, 166
TRD, 4484.653846, 156
TRD, 4488.230769, 166
TRD, 4488.423077, 167
TRD, 4488.576923, 156
TRD, 4488.884615, 167
TRD, 4490.000000, 167
TRD, 4490.615385, 166
TRD, 4491.384615, 167
TRD, 4491.461538, 161
TRD, 4492.730769, 151
TRD, 4493.500000, 150
TRD, 4493.653846, 154
TRD, 4495.884615, 162
TRD, 4496.769231, 164
TRD, 4501.538462, 165
TRD, 4501.653846, 165
TRD, 4501.807692, 164
TRD, 4503.576923, 170
TRD, 4506.307692, 174
TRD, 4507.538462, 174
TRD, 4508.576923, 168
TRD, 4509.846154, 167
TRD, 4511.461538, 166
TRD, 4516.769231, 163
TRD, 4517.000000, 162
TRD, 4519.115385, 164
TRD, 4520.538462, 163
TRD, 4521.923077, 165
TRD, 4523.115385, 161
TRD, 4523.461538, 162
TRD, 4524.076923, 162
TRD, 4524.192308, 161
TRD, 4525.153846, 167
TRD, 4525.500000, 166
TRD, 4526.346154, 158
TRD, 4527.730769, 161
TRD, 4529.961538, 167
TRD, 4530.115385, 168
TRD, 4530.653846, 157
TRD, 4531.692308, 158
TRD, 4533.923077, 162
TRD, 4534.538462, 170
TRD, 4535.461538, 168
TRD, 4538.346154, 169
TRD, 4539.038462, 170
TRD, 4541.884615, 171
TRD, 4542.692308, 171
TRD, 4543.307692, 172
TRD, 4544.346154, 171
TRD, 4547.500000, 176
TRD, 4548.576923, 169
TRD, 4548.769231, 163
TRD, 4549.192308, 158
TRD, 4551.384615, 163
TRD, 4553.423077, 163
TRD, 4553.615385, 164
TRD, 4553.846154, 180
TRD, 4555.615385, 180
TRD, 4555.730769, 179
TRD, 4555.961538, 179
TRD, 4557.000000, 174
TRD, 4559.846154, 167
TRD, 4559.923077, 167
TRD, 4561.115385, 166
TRD, 4562.461538, 157
TRD, 4563.884615, 162
TRD, 4565.384615, 178
TRD, 4565.769231, 173
TRD, 4567.576923, 165
TRD, 4570.884615, 173
TRD, 4571.038462, 174
TRD, 4572.346154, 172
TRD, 4575.615385, 179
TRD, 4575.884615, 169
TRD, 4577.000000, 166
TRD, 4577.615385, 170
TRD, 4580.000000, 163
TRD, 4581.230769, 177
TRD, 4581.307692, 163
TRD, 4582.730769, 161
TRD, 4585.038462, 164
TRD, 4586.769231, 164
TRD, 4587.884615, 164
TRD, 4589.115385, 163
TRD, 4589.923077, 165
TRD, 4590.269231, 167
TRD, 4591.423077, 166
TRD, 4592.230769, 157
TRD, 4596.461538, 160
TRD, 4596.576923, 161
TRD, 4598.076923, 158
TRD, 4598.153846, 157
TRD, 4598.961538, 156
TRD, 4599.807692, 167
TRD, 4601.153846, 163
TRD, 4601.692308, 165
TRD, 4604.115385, 161
TRD, 4604.769231, 164
TRD, 4604.846154, 161
TRD, 4606.269231, 165
TRD, 4607.384615, 156
TRD, 4607.846154, 164
TRD, 4609.730769, 161
TRD, 4612.423077, 157
TRD, 4613.230769, 160
TRD, 4614.076923, 159
TRD, 4614.846154, 159
TRD, 4615.307692, 157
TRD, 4618.384615, 156
TRD, 4618.692308, 158
TRD, 4623.576923, 159
TRD, 4625.230769, 154
TRD, 4626.230769, 154
TRD, 4628.923077, 158
TRD, 4629.961538, 153
TRD, 4630.269231, 152
TRD, 4630.884615, 157
TRD, 4631.269231, 151
TRD, 4632.538462, 158
TRD, 4634.230769, 152
TRD, 4636.730769, 155
TRD, 4637.192308, 163
TRD, 4640.153846, 165
TRD, 4640.384615, 163
TRD, 4640.538462, 158
TRD, 4642.769231, 157
TRD, 4644.653846, 157
TRD, 4645.115385, 160
TRD, 4646.461538, 153
TRD, 4647.076923, 162
TRD, 4649.038462, 164
TRD, 4649.769231, 167
TRD, 4652.461538, 165
TRD, 4652.538462, 170
TRD, 4653.115385, 153
TRD, 4654.653846, 166
TRD, 4655.000000, 169
TRD, 4656.423077, 167
TRD, 4657.423077, 166
TRD, 4658.384615, 166
TRD, 4662.076923, 165
TRD, 4662.615385, 164
TRD, 4663.500000, 161
TRD, 4663.653846, 160
TRD, 4664.269231, 157
TRD, 4665.500000, 166
TRD, 4666.192308, 168
TRD, 4666.346154, 169
TRD, 4670.423077, 165
TRD, 4671.076923, 174
TRD, 4671.153846, 163
TRD, 4675.307692, 172
TRD, 4676.307692, 169
TRD, 4678.615385, 175
TRD, 4679.423077, 173
TRD, 4679.538462, 169
TRD, 4679.730769, 165
TRD, 4681.115385, 172
TRD, 4681.884615, 174
TRD, 4682.538462, 174
TRD, 4682.692308, 170
TRD, 4683.538462, 162
TRD, 4683.961538, 167
TRD, 4686.653846, 166
TRD, 4687.384615, 166
TRD, 4688.038462, 166
TRD, 4689.230769, 175
TRD, 4692.269231, 163
TRD, 4693.769231, 165
TRD, 4695.346154, 167
TRD, 4696.384615, 162
TRD, 4696.730769, 167
TRD, 4700.000000, 157
TRD, 4700.346154, 157
TRD, 4701.000000, 161
TRD, 4703.769231, 162
TRD, 4704.346154, 162
TRD, 4705.423077, 159
TRD, 4705.538462, 155
TRD, 4705.576923, 161
TRD, 4706.461538, 162
TRD, 4708.192308, 164
TRD, 4709.807692, 165
TRD, 4710.346154, 165
TRD, 4711.000000, 168
TRD, 4711.692308, 166
TRD, 4711.961538, 164
TRD, 4716.423077, 166
TRD, 4717.038462, 164
TRD, 4717.076923, 159
TRD, 4717.384615, 167
TRD, 4717.846154, 158
TRD, 4718.307692, 168
TRD, 4719.000000, 159
TRD, 4719.961538, 156
TRD, 4720.730769, 159
TRD, 4721.461538, 153
TRD, 4722.653846, 152
TRD, 4723.538462, 155
TRD, 4724.461538, 155
TRD, 4724.538462, 155
TRD, 4724.923077, 160
TRD, 4725.461538, 152
TRD, 4726.115385, 166
TRD, 4732.576923, 180
TRD, 4732.615385, 175
TRD, 4734.576923, 175
TRD, 4735.076923, 175
TRD, 4739.076923, 181
TRD, 4741.269231, 174
TRD, 4742.384615, 162
TRD, 4742.807692, 169
TRD, 4743.807692, 168
TRD, 4744.000000, 162
TRD, 4746.346154, 163
TRD, 4746.807692, 161
TRD, 4749.038462, 161
TRD, 4749.576923, 164
TRD, 4750.461538, 165
TRD, 4750.576923, 167
TRD, 4751.115385, 162
TRD, 4752.115385, 161
TRD, 4756.153846, 167
TRD, 4756.423077, 173
TRD, 4757.500000, 167
TRD, 4757.692308, 165
TRD, 4758.115385, 172
TRD, 4758.230769, 159
TRD, 4761.307692, 160
TRD, 4762.153846, 175
TRD, 4762.230769, 156
TRD, 4764.153846, 158
TRD, 4766.115385, 156
TRD, 4766.846154, 157
TRD, 4766.961538, 157
TRD, 4768.653846, 158
TRD, 4768.769231, 163
TRD, 4770.769231, 167
TRD, 4771.038462, 168
TRD, 4773.307692, 176
TRD, 4773.615385, 175
TRD, 4775.615385, 171
TRD, 4776.000000, 166
TRD, 4779.384615, 167
TRD, 4780.384615, 162
TRD, 4781.230769, 167
TRD, 4782.846154, 165
TRD, 4783.307692, 164
TRD, 4783.923077, 166
TRD, 4784.769231, 171
TRD, 4785.384615, 171
TRD, 4785.538462, 169
TRD, 4785.692308, 180
TRD, 4788.615385, 185
TRD, 4790.500000, 168
TRD, 4791.269231, 157
TRD, 4792.538462, 174
TRD, 4794.461538, 176
TRD, 4795.192308, 176
TRD, 4795.269231, 168
TRD, 4795.769231, 162
TRD, 4796.038462, 170
TRD, 4799.500000, 170
TRD, 4801.538462, 170
TRD, 4803.038462, 163
TRD, 4803.961538, 163
TRD, 4804.230769, 159
TRD, 4805.115385, 159
TRD, 4805.269231, 167
TRD, 4806.846154, 161
TRD, 4808.269231, 158
TRD, 4809.769231, 157
TRD, 4810.192308, 155
TRD, 4811.076923, 155
TRD, 4811.961538, 159
TRD, 4814.269231, 158
TRD, 4814.500000, 156
TRD, 4814.846154, 157
TRD, 4817.307692, 158
TRD, 4819.961538, 160
TRD, 4820.653846, 166
TRD, 4821.384615, 166
TRD, 4822.961538, 164
TRD, 4823.615385, 156
TRD, 4825.576923, 157
TRD, 4826.269231, 156
TRD, 4830.230769, 163
TRD, 4830.384615, 164
TRD, 4831.153846, 164
TRD, 4831.884615, 161
TRD, 4833.923077, 164
TRD, 4834.153846, 165
TRD, 4834.461538, 161
TRD, 4836.576923, 167
TRD, 4839.076923, 173
TRD, 4839.576923, 163
TRD, 4839.923077, 162
TRD, 4839.961538, 173
TRD, 4840.269231, 171
TRD, 4840.653846, 174
TRD, 4844.576923, 164
TRD, 4845.461538, 167
TRD, 4847.500000, 165
TRD, 4848.038462, 164
TRD, 4848.846154, 165
TRD, 4850.730769, 162
TRD, 4851.038462, 165
TRD, 4851.076923, 171
TRD, 4852.346154, 159
TRD, 4853.000000, 177
TRD, 4856.153846, 170
TRD, 4857.307692, 170
TRD, 4857.461538, 167
TRD, 4857.923077, 165
TRD, 4861.961538, 173
TRD, 4862.615385, 179
TRD, 4862.884615, 173
TRD, 4864.884615, 177
TRD, 4865.384615, 178
TRD, 4867.192308, 178
TRD, 4867.615385, 174
TRD, 4869.307692, 173
TRD, 4871.923077, 167
TRD, 4872.576923, 164
TRD, 4872.807692, 162
TRD, 4873.769231, 166
TRD, 4875.461538, 169
TRD, 4876.423077, 170
TRD, 4878.653846, 171
TRD, 4880.230769, 169
TRD, 4881.307692, 172
TRD, 4881.461538, 164
TRD, 4883.461538, 173
TRD, 4885.923077, 173
TRD, 4886.961538, 171
TRD, 4887.384615, 171
TRD, 4889.576923, 170
TRD, 4890.923077, 174
TRD, 4891.769231, 175
TRD, 4891.923077, 169
TRD, 4892.192308, 166
TRD, 4892.923077, 164
TRD, 4894.730769, 164
TRD, 4894.961538, 163
TRD, 4895.269231, 164
TRD, 4895.846154, 163
TRD, 4895.923077, 165
TRD, 4897.884615, 183
TRD, 4899.000000, 174
TRD, 4900.192308, 186
TRD, 4906.115385, 178
TRD, 4908.576923, 180
TRD, 4909.115385, 177
TRD, 4910.923077, 170
TRD, 4911.307692, 163
TRD, 4911.692308, 162
TRD, 4912.653846, 172
TRD, 4913.346154, 171
TRD, 4914.538462, 169
TRD, 4914.923077, 163
TRD, 4916.115385, 161
TRD, 4917.115385, 168
TRD, 4918.153846, 164
TRD, 4918.807692, 168
TRD, 4919.115385, 171
TRD, 4921.038462, 167
TRD, 4921.346154, 168
TRD, 4922.230769, 168
TRD, 4923.730769, 168
TRD, 4924.692308, 170
TRD, 4928.423077, 165
TRD, 4928.538462, 168
TRD, 4930.076923, 164
TRD, 4930.115385, 164
TRD, 4932.076923, 162
TRD, 4932.653846, 165
TRD, 4933.461538, 159
TRD, 4936.807692, 167
TRD, 4937.076923, 167
TRD, 4939.769231, 181
TRD, 4940.076923, 178
TRD, 4942.038462, 177
TRD, 4942.461538, 177
TRD, 4945.423077, 185
TRD, 4945.615385, 173
TRD, 4949.846154, 175
TRD, 4950.923077, 175
TRD, 4951.153846, 175
TRD, 4951.423077, 172
TRD, 4952.192308, 174
TRD, 4953.653846, 173
TRD, 4956.730769, 175
TRD, 4956.923077, 172
TRD, 4959.384615, 173
TRD, 4959.846154, 174
TRD, 4959.961538, 169
TRD, 4960.192308, 175
TRD, 4960.423077, 168
TRD, 4960.500000, 174
TRD, 4961.076923, 163
TRD, 4962.884615, 176
TRD, 4964.576923, 160
TRD, 4964.692308, 173
TRD, 4965.115385, 176
TRD, 4965.730769, 156
TRD, 4965.923077, 177
TRD, 4969.846154, 167
TRD, 4969.961538, 156
TRD, 4972.153846, 155
TRD, 4973.538462, 158
TRD, 4973.692308, 158
TRD, 4975.923077, 180
TRD, 4977.115385, 180
TRD, 4978.038462, 178
TRD, 4978.653846, 174
TRD, 4978.807692, 181
TRD, 4980.192308, 173
TRD, 4980.346154, 161
TRD, 4981.807692, 176
TRD, 4982.384615, 160
TRD, 4985.653846, 169
TRD, 4985.769231, 171
TRD, 4986.961538, 164
TRD, 4988.653846, 180
TRD, 4988.884615, 180
TRD, 4990.461538, 185
TRD, 4991.538462, 182
TRD, 4992.192308, 181
TRD, 4992.769231, 182
TRD, 4993.076923, 173
TRD, 4995.730769, 173
TRD, 4996.038462, 173
TRD, 4996.307692, 175
TRD, 4998.384615, 173
TRD, 5000.576923, 171
TRD, 5001.269231, 173
TRD, 5002.038462, 174
TRD, 5002.615385, 176
TRD, 5003.653846, 192
TRD, 5006.615385, 170
TRD, 5007.153846, 169
TRD, 5008.961538, 171
TRD, 5012.807692, 170
TRD, 5013.653846, 168
TRD, 5013.884615, 171
TRD, 5014.730769, 167
TRD, 5015.346154, 171
TRD, 5016.961538, 172
TRD, 5018.846154, 177
TRD, 5020.000000, 182
TRD, 5021.192308, 178
TRD, 5022.076923, 175
TRD, 5022.423077, 168
TRD, 5022.961538, 176
TRD, 5025.500000, 177
TRD, 5026.192308, 176
TRD, 5026.230769, 177
TRD, 5027.230769, 178
TRD, 5029.884615, 178
TRD, 5031.115385, 170
TRD, 5031.423077, 165
TRD, 5032.576923, 171
TRD, 5033.961538, 175
TRD, 5035.846154, 174
TRD, 5037.153846, 170
TRD, 5037.346154, 167
TRD, 5038.423077, 171
TRD, 5040.730769, 164
TRD, 5041.076923, 164
TRD, 5042.076923, 166
TRD, 5044.307692, 168
TRD, 5046.076923, 171
TRD, 5047.615385, 170
TRD, 5048.884615, 173
TRD, 5049.769231, 175
TRD, 5050.538462, 171
TRD, 5050.653846, 177
TRD, 5051.500000, 171
TRD, 5053.076923, 170
TRD, 5054.615385, 178
TRD, 5056.000000, 178
TRD, 5058.115385, 177
TRD, 5060.000000, 176
TRD, 5060.307692, 171
TRD, 5061.038462, 169
TRD, 5061.192308, 181
TRD, 5061.500000, 181
TRD, 5063.038462, 169
TRD, 5064.230769, 178
TRD, 5066.692308, 174
TRD, 5068.769231, 173
TRD, 5070.076923, 170
TRD, 5070.461538, 168
TRD, 5072.192308, 167
TRD, 5072.230769, 166
TRD, 5073.307692, 169
TRD, 5074.115385, 169
TRD, 5074.653846, 169
TRD, 5076.000000, 171
TRD, 5076.423077, 186
TRD, 5077.961538, 171
TRD, 5078.384615, 170
TRD, 5078.653846, 167
TRD, 5079.692308, 179
TRD, 5082.653846, 170
TRD, 5083.230769, 172
TRD, 5084.807692, 176
TRD, 5086.538462, 175
TRD, 5087.346154, 179
TRD, 5087.615385, 169
TRD, 5088.615385, 166
TRD, 5089.615385, 166
TRD, 5089.884615, 180
TRD, 5092.076923, 184
TRD, 5094.384615, 189
TRD, 5096.500000, 186
TRD, 5098.576923, 180
TRD, 5099.807692, 177
TRD, 5100.461538, 175
TRD, 5100.692308, 178
TRD, 5100.961538, 168
TRD, 5104.423077, 173
TRD, 5105.384615, 169
TRD, 5105.500000, 167
TRD, 5106.730769, 168
TRD, 5107.923077, 170
TRD, 5108.653846, 172
TRD, 5110.192308, 173
TRD, 5111.846154, 175
TRD, 5111.884615, 172
TRD, 5115.115385, 175
TRD, 5116.576923, 188
TRD, 5117.615385, 175
TRD, 5118.269231, 174
TRD, 5119.461538, 167
TRD, 5120.192308, 170
TRD, 5120.846154, 158
TRD, 5122.576923, 161
TRD, 5122.884615, 169
TRD, 5124.076923, 167
TRD, 5125.576923, 170
TRD, 5126.384615, 167
TRD, 5128.192308, 175
TRD, 5129.500000, 160
TRD, 5130.615385, 184
TRD, 5134.615385, 173
TRD, 5136.038462, 172
TRD, 5136.884615, 171
TRD, 5137.730769, 168
TRD, 5138.692308, 165
TRD, 5139.423077, 170
TRD, 5140.615385, 172
TRD, 5141.538462, 175
TRD, 5142.730769, 170
TRD, 5144.269231, 175
TRD, 5144.653846, 173
TRD, 5145.115385, 172
TRD, 5145.346154, 177
TRD, 5147.846154, 163
TRD, 5152.038462, 171
TRD, 5153.538462, 173
TRD, 5154.730769, 175
TRD, 5155.807692, 176
TRD, 5156.384615, 175
TRD, 5156.730769, 167
TRD, 5159.846154, 176
TRD, 5161.807692, 174
TRD, 5163.423077, 173
TRD, 5163.461538, 177
TRD, 5165.346154, 171
TRD, 5167.653846, 171
TRD, 5169.153846, 172
TRD, 5170.423077, 174
TRD, 5170.692308, 173
TRD, 5170.961538, 172
TRD, 5171.500000, 167
TRD, 5172.846154, 172
TRD, 5175.846154, 170
TRD, 5176.730769, 171
TRD, 5177.653846, 167
TRD, 5179.115385, 163
TRD, 5180.230769, 161
TRD, 5181.269231, 160
TRD, 5181.846154, 160
TRD, 5182.884615, 169
TRD, 5186.730769, 186
TRD, 5187.500000, 163
TRD, 5188.923077, 175
TRD, 5189.230769, 175
TRD, 5189.423077, 176
TRD, 5192.153846, 177
TRD, 5193.769231, 180
TRD, 5194.615385, 185
TRD, 5196.230769, 181
TRD, 5196.538462, 187
TRD, 5198.153846, 180
TRD, 5198.384615, 175
TRD, 5200.653846, 170
TRD, 5203.346154, 173
TRD, 5205.384615, 177
TRD, 5206.038462, 176
TRD, 5206.307692, 177
TRD, 5207.576923, 174
TRD, 5208.076923, 171
TRD, 5208.269231, 171
TRD, 5209.500000, 170
TRD, 5209.807692, 173
TRD, 5211.153846, 173
TRD, 5211.807692, 171
TRD, 5214.192308, 170
TRD, 5217.884615, 170
TRD, 5218.461538, 171
TRD, 5219.730769, 172
TRD, 5220.153846, 176
TRD, 5220.692308, 177
TRD, 5221.384615, 174
TRD, 5222.192308, 172
TRD, 5224.153846, 170
TRD, 5226.423077, 177
TRD, 5226.500000, 176
TRD, 5226.653846, 178
TRD, 5227.115385, 174
TRD, 5229.115385, 175
TRD, 5230.000000, 177
TRD, 5230.192308, 178
TRD, 5232.307692, 181
TRD, 5234.153846, 181
TRD, 5236.269231, 183
TRD, 5236.615385, 183
TRD, 5237.538462, 179
TRD, 5239.846154, 173
TRD, 5240.500000, 170
TRD, 5241.653846, 171
TRD, 5243.307692, 167
TRD, 5243.500000, 167
TRD, 5244.884615, 166
TRD, 5245.115385, 165
TRD, 5246.269231, 162
TRD, 5247.576923, 166
TRD, 5248.769231, 173
TRD, 5250.807692, 173
TRD, 5251.692308, 176
TRD, 5252.615385, 187
TRD, 5253.269231, 174
TRD, 5254.692308, 179
TRD, 5255.730769, 177
TRD, 5256.230769, 181
TRD, 5256.846154, 172
TRD, 5256.961538, 178
TRD, 5260.884615, 176
TRD, 5262.038462, 168
TRD, 5262.692308, 171
TRD, 5265.576923, 172
TRD, 5265.769231, 171
TRD, 5266.076923, 167
TRD, 5266.269231, 173
TRD, 5266.884615, 172
TRD, 5268.461538, 173
TRD, 5269.730769, 169
TRD, 5271.692308, 163
TRD, 5271.769231, 175
TRD, 5272.230769, 178
TRD, 5277.307692, 195
TRD, 5277.461538, 191
TRD, 5279.884615, 187
TRD, 5280.961538, 184
TRD, 5281.692308, 185
TRD, 5282.153846, 184
TRD, 5282.576923, 177
TRD, 5286.153846, 179
TRD, 5286.576923, 172
TRD, 5288.500000, 180
TRD, 5289.153846, 181
TRD, 5289.538462, 167
TRD, 5290.730769, 175
TRD, 5291.961538, 187
TRD, 5292.576923, 187
TRD, 5293.923077, 183
TRD, 5294.000000, 185
TRD, 5294.807692, 180
TRD, 5295.153846, 163
TRD, 5296.730769, 174
TRD, 5298.500000, 172
TRD, 5299.307692, 166
TRD, 5300.538462, 172
TRD, 5301.192308, 176
TRD, 5302.807692, 166
TRD, 5302.961538, 177
TRD, 5304.615385, 181
TRD, 5309.307692, 191
TRD, 5311.500000, 175
TRD, 5311.653846, 173
TRD, 5312.346154, 171
TRD, 5313.461538, 174
TRD, 5315.576923, 173
TRD, 5317.807692, 172
TRD, 5319.423077, 171
TRD, 5321.923077, 180
TRD, 5322.000000, 179
TRD, 5322.923077, 183
TRD, 5322.961538, 181
TRD, 5323.730769, 178
TRD, 5324.115385, 180
TRD, 5324.692308, 172
TRD, 5326.461538, 188
TRD, 5327.846154, 177
TRD, 5327.961538, 183
TRD, 5328.884615, 177
TRD, 5328.923077, 176
TRD, 5330.576923, 163
TRD, 5332.538462, 178
TRD, 5334.153846, 174
TRD, 5335.192308, 175
TRD, 5335.384615, 172
TRD, 5335.538462, 167
TRD, 5336.384615, 179
TRD, 5338.538462, 175
TRD, 5339.307692, 174
TRD, 5341.807692, 176
TRD, 5341.923077, 176
TRD, 5342.538462, 175
TRD, 5344.461538, 174
TRD, 5345.153846, 173
TRD, 5346.115385, 167
TRD, 5346.538462, 164
TRD, 5347.692308, 166
TRD, 5348.269231, 167
TRD, 5350.961538, 167
TRD, 5353.038462, 167
TRD, 5353.538462, 170
TRD, 5354.884615, 167
TRD, 5357.423077, 171
TRD, 5358.423077, 172
TRD, 5360.769231, 173
TRD, 5361.153846, 172
TRD, 5366.153846, 172
TRD, 5366.423077, 175
TRD, 5367.346154, 175
TRD, 5367.538462, 173
TRD, 5368.807692, 172
TRD, 5369.269231, 168
TRD, 5369.423077, 172
TRD, 5370.538462, 170
TRD, 5371.192308, 193
TRD, 5372.269231, 179
TRD, 5373.807692, 170
TRD, 5374.692308, 169
TRD, 5375.230769, 167
TRD, 5376.769231, 169
TRD, 5377.115385, 167
TRD, 5379.000000, 190
TRD, 5380.230769, 170
TRD, 5381.038462, 164
TRD, 5381.576923, 163
TRD, 5382.153846, 164
TRD, 5382.653846, 156
TRD, 5384.076923, 184
TRD, 5386.615385, 159
TRD, 5387.653846, 166
TRD, 5391.461538, 177
TRD, 5391.500000, 179
TRD, 5392.923077, 175
TRD, 5393.192308, 179
TRD, 5395.653846, 176
TRD, 5395.769231, 175
TRD, 5397.307692, 174
TRD, 5398.076923, 173
TRD, 5398.615385, 176
TRD, 5399.307692, 168
TRD, 5400.000000, 165
TRD, 5401.076923, 167
TRD, 5401.461538, 168
TRD, 5401.500000, 161
TRD, 5404.230769, 169
TRD, 5406.730769, 171
TRD, 5410.653846, 173
TRD, 5411.038462, 170
TRD, 5411.307692, 177
TRD, 5411.923077, 178
TRD, 5412.269231, 168
TRD, 5412.923077, 177
TRD, 5413.500000, 176
TRD, 5413.538462, 178
TRD, 5416.076923, 166
TRD, 5416.807692, 168
TRD, 5417.000000, 163
TRD, 5417.615385, 162
TRD, 5420.576923, 180
TRD, 5423.384615, 183
TRD, 5423.884615, 177
TRD, 5424.846154, 180
TRD, 5425.115385, 193
TRD, 5431.192308, 184
TRD, 5431.307692, 179
TRD, 5432.038462, 179
TRD, 5432.269231, 174
TRD, 5433.192308, 179
TRD, 5433.500000, 174
TRD, 5434.923077, 180
TRD, 5435.269231, 185
TRD, 5436.269231, 177
TRD, 5437.423077, 178
TRD, 5437.576923, 175
TRD, 5443.038462, 175
TRD, 5443.307692, 177
TRD, 5443.615385, 178
TRD, 5447.653846, 177
TRD, 5448.538462, 179
TRD, 5448.653846, 183
TRD, 5449.461538, 179
TRD, 5449.807692, 171
TRD, 5450.884615, 167
TRD, 5451.961538, 169
TRD, 5452.269231, 167
TRD, 5452.846154, 170
TRD, 5453.230769, 173
TRD, 5454.461538, 158
TRD, 5455.076923, 157
TRD, 5455.461538, 159
TRD, 5455.615385, 156
TRD, 5457.538462, 170
TRD, 5459.615385, 187
TRD, 5463.500000, 171
TRD, 5465.807692, 172
TRD, 5466.384615, 173
TRD, 5467.423077, 170
TRD, 5467.884615, 170
TRD, 5469.769231, 171
TRD, 5471.423077, 169
TRD, 5473.307692, 169
TRD, 5473.500000, 168
TRD, 5476.038462, 179
TRD, 5478.653846, 167
TRD, 5479.307692, 167
TRD, 5480.307692, 165
TRD, 5480.692308, 167
TRD, 5480.884615, 169
TRD, 5482.230769, 175
TRD, 5483.884615, 176
TRD, 5484.884615, 175
TRD, 5486.346154, 174
TRD, 5487.846154, 173
TRD, 5488.153846, 175
TRD, 5488.538462, 171
TRD, 5488.576923, 180
