TRD, 6.000000, 109
TRD, 11.736842, 107
TRD, 25.842105, 129
TRD, 30.421053, 121
TRD, 36.157895, 112
TRD, 43.421053, 134
TRD, 52.000000, 129
TRD, 53.368421, 131
TRD, 65.789474, 121
TRD, 68.894737, 129
TRD, 70.631579, 128
TRD, 86.631579, 121
TRD, 88.000000, 115
TRD, 96.368421, 112
TRD, 102.736842, 122
TRD, 111.052632, 128
TRD, 114.473684, 121
TRD, 119.894737, 121
TRD, 125.368421, 129
TRD, 132.578947, 129
TRD, 136.947368, 129
TRD, 146.578947, 121
TRD, 150.473684, 128
TRD, 159.263158, 121
TRD, 160.789474, 127
TRD, 171.947368, 115
TRD, 174.000000, 117
TRD, 174.789474, 117
TRD, 198.157895, 116
TRD, 205.947368, 117
TRD, 211.947368, 130
TRD, 212.105263, 115
TRD, 221.315789, 118
TRD, 223.526316, 112
TRD, 227.526316, 110
TRD, 235.315789, 125
TRD, 244.473684, 121
TRD, 248.736842, 115
TRD, 254.421053, 132
TRD, 266.315789, 129
TRD, 270.894737, 125
TRD, 271.842105, 121
TRD, 289.052632, 130
TRD, 295.578947, 121
TRD, 296.263158, 121
TRD, 301.473684, 123
TRD, 302.105263, 114
TRD, 315.736842, 113
TRD, 318.894737, 115
TRD, 324.157895, 112
TRD, 329.052632, 117
TRD, 333.894737, 124
TRD, 340.526316, 117
TRD, 347.210526, 117
TRD, 347.684211, 115
TRD, 360.263158, 129
TRD, 363.736842, 121
TRD, 376.631579, 136
TRD, 384.631579, 129
TRD, 390.894737, 128
TRD, 391.052632, 121
TRD, 401.263158, 124
TRD, 407.526316, 115
TRD, 411.263158, 112
TRD, 412.105263, 116
TRD, 412.789474, 117
TRD, 435.000000, 129
TRD, 437.736842, 121
TRD, 441.789474, 115
TRD, 445.684211, 128
TRD, 457.894737, 129
TRD, 463.631579, 121
TRD, 472.526316, 117
TRD, 473.263158, 115
TRD, 475.947368, 117
TRD, 494.052632, 132
TRD, 500.947368, 121
TRD, 501.105263, 115
TRD, 505.157895, 119
TRD, 505.368421, 123
TRD, 516.105263, 129
TRD, 520.894737, 121
TRD, 522.000000, 115
TRD, 533.473684, 107
TRD, 533.578947, 117
TRD, 550.526316, 115
TRD, 557.736842, 116
TRD, 560.210526, 117
TRD, 560.473684, 115
TRD, 571.842105, 129
TRD, 584.578947, 125
TRD, 594.105263, 127
TRD, 594.894737, 121
TRD, 602.631579, 129
TRD, 604.105263, 121
TRD, 619.789474, 117
TRD, 623.473684, 117
TRD, 624.894737, 114
TRD, 632.263158, 129
TRD, 632.526316, 124
TRD, 633.578947, 114
TRD, 635.263158, 112
TRD, 657.789474, 129
TRD, 658.526316, 132
TRD, 661.578947, 121
TRD, 669.473684, 125
TRD, 683.631579, 115
TRD, 684.052632, 125
TRD, 692.473684, 132
TRD, 696.368421, 129
TRD, 708.000000, 134
TRD, 718.052632, 127
TRD, 718.105263, 121
TRD, 719.052632, 115
TRD, 734.526316, 128
TRD, 750.210526, 121
TRD, 751.631579, 126
TRD, 753.631579, 115
TRD, 753.736842, 123
TRD, 767.473684, 121
TRD, 771.526316, 115
TRD, 772.000000, 112
TRD, 773.736842, 123
TRD, 793.157895, 129
TRD, 798.315789, 128
TRD, 811.736842, 129
TRD, 811.789474, 121
TRD, 812.684211, 115
TRD, 819.000000, 112
TRD, 827.947368, 127
TRD, 836.578947, 129
TRD, 839.842105, 121
TRD, 852.842105, 136
TRD, 857.473684, 129
TRD, 866.421053, 128
TRD, 869.473684, 121
TRD, 881.526316, 131
TRD, 900.526316, 129
TRD, 901.210526, 129
TRD, 908.684211, 122
TRD, 908.842105, 121
TRD, 909.263158, 115
TRD, 909.315789, 112
TRD, 914.105263, 107
TRD, 932.052632, 129
TRD, 942.684211, 133
TRD, 945.526316, 123
TRD, 946.157895, 115
TRD, 956.842105, 129
TRD, 971.052632, 129
TRD, 972.052632, 121
TRD, 978.894737, 112
TRD, 988.052632, 127
TRD, 996.789474, 124
TRD, 1006.736842, 121
TRD, 1012.052632, 115
TRD, 1015.000000, 122
TRD, 1017.157895, 112
TRD, 1023.947368, 129
TRD, 1029.052632, 128
TRD, 1033.842105, 127
TRD, 1045.368421, 127
TRD, 1045.421053, 115
TRD, 1060.368421, 121
TRD, 1066.842105, 132
TRD, 1067.736842, 120
TRD, 1073.210526, 115
TRD, 1082.315789, 129
TRD, 1096.263158, 121
TRD, 1099.947368, 115
TRD, 1108.421053, 112
TRD, 1113.421053, 129
TRD, 1116.894737, 129
TRD, 1123.684211, 122
TRD, 1125.526316, 122
TRD, 1131.526316, 121
TRD, 1138.842105, 115
TRD, 1148.473684, 118
TRD, 1149.105263, 112
TRD, 1153.894737, 123
TRD, 1173.473684, 129
TRD, 1183.578947, 126
TRD, 1189.631579, 125
TRD, 1193.368421, 129
TRD, 1201.684211, 121
TRD, 1202.947368, 115
TRD, 1203.789474, 119
TRD, 1210.263158, 118
TRD, 1227.947368, 117
TRD, 1228.947368, 115
TRD, 1233.947368, 132
TRD, 1239.894737, 129
TRD, 1240.526316, 129
TRD, 1254.631579, 128
TRD, 1263.052632, 128
TRD, 1264.894737, 121
TRD, 1274.473684, 124
TRD, 1285.684211, 116
TRD, 1287.368421, 117
TRD, 1289.789474, 115
TRD, 1302.105263, 129
TRD, 1306.157895, 131
TRD, 1308.315789, 129
TRD, 1313.000000, 115
TRD, 1321.210526, 121
TRD, 1324.894737, 121
TRD, 1329.631579, 130
TRD, 1335.052632, 112
TRD, 1345.578947, 117
TRD, 1352.105263, 118
TRD, 1356.105263, 117
TRD, 1362.684211, 139
TRD, 1367.315789, 125
TRD, 1373.842105, 116
TRD, 1378.842105, 115
TRD, 1383.473684, 112
TRD, 1387.210526, 139
TRD, 1400.736842, 129
TRD, 1413.789474, 128
TRD, 1420.736842, 127
TRD, 1423.263158, 121
TRD, 1430.368421, 128
TRD, 1442.263158, 115
TRD, 1447.000000, 115
TRD, 1461.789474, 126
TRD, 1462.894737, 121
TRD, 1468.684211, 129
TRD, 1474.631579, 129
TRD, 1493.315789, 115
TRD, 1497.947368, 121
TRD, 1499.894737, 126
TRD, 1500.631579, 112
TRD, 1504.842105, 138
TRD, 1519.842105, 133
TRD, 1522.789474, 129
TRD, 1527.210526, 135
TRD, 1532.526316, 121
TRD, 1537.052632, 115
TRD, 1545.421053, 129
TRD, 1547.368421, 115
TRD, 1551.578947, 119
TRD, 1557.473684, 112
TRD, 1559.578947, 117
TRD, 1567.105263, 117
TRD, 1575.263158, 115
TRD, 1588.052632, 117
TRD, 1588.894737, 112
TRD, 1593.315789, 117
TRD, 1594.578947, 114
TRD, 1597.473684, 139
TRD, 1600.157895, 97
TRD, 1604.473684, 107
TRD, 1614.526316, 129
TRD, 1624.894737, 125
TRD, 1626.157895, 137
TRD, 1627.842105, 112
TRD, 1640.210526, 115
TRD, 1648.105263, 125
TRD, 1652.473684, 122
TRD, 1657.842105, 124
TRD, 1668.263158, 121
TRD, 1681.421053, 133
TRD, 1681.578947, 129
TRD, 1684.684211, 140
TRD, 1690.473684, 129
TRD, 1694.894737, 115
TRD, 1702.684211, 116
TRD, 1704.368421, 117
TRD, 1720.684211, 116
TRD, 1721.631579, 115
TRD, 1724.947368, 112
TRD, 1740.947368, 97
TRD, 1745.263158, 129
TRD, 1747.473684, 128
TRD, 1758.052632, 129
TRD, 1763.736842, 129
TRD, 1772.052632, 121
TRD, 1776.789474, 126
TRD, 1785.315789, 123
TRD, 1790.631579, 121
TRD, 1797.736842, 115
TRD, 1803.263158, 107
TRD, 1806.263158, 112
TRD, 1806.631579, 117
TRD, 1811.842105, 110
TRD, 1817.000000, 98
TRD, 1827.315789, 113
TRD, 1834.263158, 117
TRD, 1836.473684, 115
TRD, 1850.473684, 128
TRD, 1859.631579, 133
TRD, 1862.263158, 121
TRD, 1866.000000, 129
TRD, 1871.052632, 127
TRD, 1880.210526, 131
TRD, 1882.526316, 129
TRD, 1889.421053, 121
TRD, 1890.842105, 115
TRD, 1891.421053, 121
TRD, 1899.473684, 115
TRD, 1907.736842, 125
TRD, 1911.947368, 133
TRD, 1925.368421, 129
TRD, 1926.736842, 121
TRD, 1935.000000, 115
TRD, 1942.421053, 112
TRD, 1950.105263, 129
TRD, 1950.947368, 127
TRD, 1956.210526, 122
TRD, 1966.157895, 113
TRD, 1967.000000, 117
TRD, 1976.526316, 129
TRD, 1983.842105, 121
TRD, 1985.578947, 115
TRD, 1996.842105, 115
TRD, 1997.631579, 125
TRD, 2005.210526, 135
TRD, 2015.789474, 121
TRD, 2021.368421, 122
TRD, 2022.947368, 112
TRD, 2026.736842, 111
TRD, 2030.947368, 117
TRD, 2036.263158, 115
TRD, 2039.315789, 118
TRD, 2040.105263, 130
TRD, 2050.684211, 121
TRD, 2062.842105, 120
TRD, 2063.631579, 115
TRD, 2069.947368, 129
TRD, 2078.473684, 112
TRD, 2080.052632, 127
TRD, 2082.631579, 97
TRD, 2089.578947, 129
TRD, 2099.368421, 134
TRD, 2113.210526, 128
TRD, 2121.421053, 127
TRD, 2122.105263, 121
TRD, 2128.789474, 122
TRD, 2135.052632, 133
TRD, 2137.947368, 129
TRD, 2147.789474, 140
TRD, 2162.421053, 130
TRD, 2162.842105, 129
TRD, 2169.210526, 121
TRD, 2172.000000, 121
TRD, 2173.105263, 115
TRD, 2180.789474, 118
TRD, 2180.947368, 112
TRD, 2184.684211, 140
TRD, 2204.105263, 129
TRD, 2205.105263, 128
TRD, 2217.736842, 117
TRD, 2219.368421, 117
TRD, 2226.684211, 129
TRD, 2232.789474, 115
TRD, 2246.368421, 129
TRD, 2254.631579, 122
TRD, 2256.315789, 121
TRD, 2256.894737, 114
TRD, 2260.210526, 140
TRD, 2262.947368, 117
TRD, 2267.947368, 115
TRD, 2275.736842, 121
TRD, 2282.210526, 125
TRD, 2292.631579, 127
TRD, 2294.000000, 115
TRD, 2300.526316, 121
TRD, 2301.473684, 121
TRD, 2316.736842, 129
TRD, 2317.421053, 140
TRD, 2320.368421, 112
TRD, 2326.315789, 129
TRD, 2337.315789, 121
TRD, 2342.842105, 131
TRD, 2354.210526, 125
TRD, 2354.263158, 115
TRD, 2355.684211, 126
TRD, 2358.052632, 104
TRD, 2367.157895, 129
TRD, 2377.368421, 127
TRD, 2385.842105, 121
TRD, 2393.947368, 129
TRD, 2406.578947, 130
TRD, 2409.368421, 125
TRD, 2410.368421, 122
TRD, 2413.736842, 115
TRD, 2416.526316, 123
TRD, 2423.684211, 117
TRD, 2442.105263, 117
TRD, 2450.105263, 129
TRD, 2452.526316, 121
TRD, 2454.578947, 132
TRD, 2463.368421, 115
TRD, 2467.736842, 112
TRD, 2473.526316, 128
TRD, 2480.473684, 121
TRD, 2489.263158, 122
TRD, 2496.947368, 112
TRD, 2497.052632, 97
TRD, 2501.789474, 115
TRD, 2503.789474, 131
TRD, 2505.684211, 140
TRD, 2512.631579, 129
TRD, 2525.842105, 127
TRD, 2527.947368, 121
TRD, 2539.526316, 124
TRD, 2545.157895, 127
TRD, 2553.105263, 121
TRD, 2555.263158, 122
TRD, 2557.894737, 115
TRD, 2567.473684, 107
TRD, 2572.421053, 130
TRD, 2580.105263, 112
TRD, 2587.526316, 117
TRD, 2589.842105, 128
TRD, 2593.736842, 121
TRD, 2595.105263, 97
TRD, 2603.000000, 115
TRD, 2608.736842, 129
TRD, 2618.473684, 127
TRD, 2627.526316, 125
TRD, 2628.473684, 114
TRD, 2639.263158, 121
TRD, 2652.526316, 129
TRD, 2654.894737, 115
TRD, 2661.526316, 119
TRD, 2662.105263, 120
TRD, 2665.157895, 112
TRD, 2677.421053, 124
TRD, 2687.684211, 128
TRD, 2691.421053, 121
TRD, 2702.736842, 121
TRD, 2705.210526, 115
TRD, 2705.315789, 121
TRD, 2709.421053, 138
TRD, 2710.842105, 112
TRD, 2725.578947, 129
TRD, 2729.105263, 137
TRD, 2739.105263, 135
TRD, 2753.052632, 129
TRD, 2758.157895, 121
TRD, 2761.789474, 126
TRD, 2764.842105, 116
TRD, 2780.315789, 115
TRD, 2787.684211, 107
TRD, 2789.684211, 111
TRD, 2796.842105, 115
TRD, 2801.368421, 132
TRD, 2806.894737, 138
TRD, 2810.263158, 121
TRD, 2821.210526, 129
TRD, 2821.526316, 126
TRD, 2824.842105, 115
TRD, 2829.947368, 112
TRD, 2839.842105, 115
TRD, 2846.315789, 122
TRD, 2852.210526, 123
TRD, 2857.263158, 124
TRD, 2857.315789, 117
TRD, 2859.421053, 112
TRD, 2866.368421, 121
TRD, 2874.157895, 117
TRD, 2882.894737, 123
TRD, 2895.473684, 127
TRD, 2896.842105, 115
TRD, 2905.157895, 115
TRD, 2907.578947, 117
TRD, 2917.684211, 117
TRD, 2925.421053, 132
TRD, 2935.473684, 129
TRD, 2940.210526, 115
TRD, 2942.157895, 138
TRD, 2958.368421, 129
TRD, 2965.684211, 123
TRD, 2969.526316, 123
TRD, 2977.526316, 121
TRD, 2977.947368, 114
TRD, 2978.526316, 112
TRD, 2982.368421, 97
TRD, 2987.947368, 107
TRD, 2990.421053, 111
TRD, 3002.315789, 129
TRD, 3008.315789, 121
TRD, 3022.315789, 126
TRD, 3027.052632, 121
TRD, 3035.105263, 124
TRD, 3036.052632, 115
TRD, 3038.736842, 112
TRD, 3052.947368, 101
TRD, 3055.894737, 123
TRD, 3058.000000, 121
TRD, 3059.789474, 107
TRD, 3066.526316, 117
TRD, 3079.894737, 129
TRD, 3081.526316, 128
TRD, 3088.421053, 121
TRD, 3094.421053, 115
TRD, 3100.578947, 123
TRD, 3105.263158, 129
TRD, 3117.315789, 128
TRD, 3127.157895, 121
TRD, 3127.210526, 114
TRD, 3132.315789, 130
TRD, 3143.684211, 129
TRD, 3151.210526, 125
TRD, 3154.473684, 128
TRD, 3162.526316, 121
TRD, 3164.736842, 115
TRD, 3176.421053, 127
TRD, 3183.210526, 129
TRD, 3196.368421, 129
TRD, 3202.631579, 123
TRD, 3205.263158, 121
TRD, 3214.105263, 124
TRD, 3218.421053, 128
TRD, 3218.526316, 115
TRD, 3237.894737, 128
TRD, 3241.421053, 129
TRD, 3241.789474, 121
TRD, 3248.210526, 122
TRD, 3249.157895, 132
TRD, 3262.210526, 115
TRD, 3264.210526, 129
TRD, 3280.947368, 136
TRD, 3284.052632, 125
TRD, 3285.789474, 121
TRD, 3287.631579, 115
TRD, 3302.578947, 117
TRD, 3303.421053, 118
TRD, 3309.526316, 115
TRD, 3317.578947, 129
TRD, 3322.473684, 112
TRD, 3333.210526, 123
TRD, 3334.894737, 121
TRD, 3342.789474, 118
TRD, 3348.631579, 115
TRD, 3364.157895, 129
TRD, 3364.684211, 123
TRD, 3367.736842, 139
TRD, 3368.263158, 122
TRD, 3372.157895, 129
TRD, 3383.789474, 128
TRD, 3383.842105, 112
TRD, 3389.947368, 139
TRD, 3401.894737, 122
TRD, 3413.842105, 115
TRD, 3414.105263, 118
TRD, 3416.578947, 117
TRD, 3423.894737, 128
TRD, 3433.526316, 102
TRD, 3451.947368, 130
TRD, 3457.684211, 129
TRD, 3467.105263, 130
TRD, 3470.000000, 130
TRD, 3471.315789, 129
TRD, 3478.578947, 121
TRD, 3482.473684, 115
TRD, 3491.842105, 121
TRD, 3495.157895, 131
TRD, 3498.052632, 138
TRD, 3503.157895, 121
TRD, 3512.473684, 129
TRD, 3527.000000, 129
TRD, 3528.157895, 130
TRD, 3535.894737, 115
TRD, 3541.631579, 112
TRD, 3550.684211, 117
TRD, 3551.000000, 119
TRD, 3551.736842, 119
TRD, 3564.210526, 119
TRD, 3565.947368, 115
TRD, 3566.157895, 112
TRD, 3578.947368, 129
TRD, 3583.157895, 123
TRD, 3593.789474, 115
TRD, 3599.315789, 120
TRD, 3603.315789, 121
TRD, 3609.421053, 121
TRD, 3610.368421, 112
TRD, 3620.368421, 135
TRD, 3630.842105, 125
TRD, 3632.421053, 121
TRD, 3632.684211, 112
TRD, 3643.157895, 130
TRD, 3643.789474, 115
TRD, 3661.947368, 123
TRD, 3669.894737, 121
TRD, 3676.736842, 127
TRD, 3685.000000, 120
TRD, 3690.052632, 112
TRD, 3690.263158, 97
TRD, 3692.578947, 124
TRD, 3697.526316, 125
TRD, 3704.263158, 125
TRD, 3708.736842, 129
TRD, 3721.631579, 128
TRD, 3729.105263, 121
TRD, 3735.526316, 115
TRD, 3737.631579, 112
TRD, 3752.736842, 115
TRD, 3754.052632, 122
TRD, 3768.315789, 129
TRD, 3768.526316, 124
TRD, 3778.894737, 121
TRD, 3786.421053, 115
TRD, 3789.052632, 120
TRD, 3791.105263, 120
TRD, 3805.052632, 139
TRD, 3807.789474, 121
TRD, 3808.157895, 115
TRD, 3814.684211, 129
TRD, 3815.736842, 129
TRD, 3829.000000, 98
TRD, 3830.684211, 112
TRD, 3835.473684, 97
TRD, 3842.263158, 112
TRD, 3846.842105, 117
TRD, 3859.210526, 129
TRD, 3860.789474, 124
TRD, 3869.473684, 121
TRD, 3870.157895, 115
TRD, 3880.684211, 133
TRD, 3885.368421, 129
TRD, 3889.894737, 126
TRD, 3898.105263, 129
TRD, 3917.526316, 121
TRD, 3922.473684, 129
TRD, 3929.263158, 121
TRD, 3937.052632, 117
TRD, 3937.421053, 117
TRD, 3939.315789, 115
TRD, 3944.947368, 118
TRD, 3948.263158, 117
TRD, 3950.842105, 117
TRD, 3953.578947, 101
TRD, 3983.842105, 129
TRD, 3992.421053, 122
TRD, 3995.052632, 119
TRD, 3997.157895, 115
TRD, 4009.842105, 119
TRD, 4015.947368, 121
TRD, 4023.315789, 136
TRD, 4026.894737, 134
TRD, 4031.789474, 129
TRD, 4034.947368, 115
TRD, 4040.000000, 115
TRD, 4041.421053, 120
TRD, 4056.210526, 120
TRD, 4068.736842, 127
TRD, 4071.052632, 130
TRD, 4079.368421, 121
TRD, 4089.894737, 126
TRD, 4093.157895, 115
TRD, 4097.736842, 115
TRD, 4103.000000, 116
TRD, 4104.526316, 117
TRD, 4108.263158, 112
TRD, 4113.736842, 123
TRD, 4126.263158, 128
TRD, 4126.684211, 121
TRD, 4140.736842, 128
TRD, 4149.842105, 115
TRD, 4151.263158, 129
TRD, 4156.736842, 121
TRD, 4161.526316, 122
TRD, 4165.947368, 121
TRD, 4172.157895, 129
TRD, 4172.526316, 134
TRD, 4174.894737, 115
TRD, 4184.052632, 112
TRD, 4200.368421, 136
TRD, 4211.473684, 129
TRD, 4216.263158, 127
TRD, 4225.473684, 130
TRD, 4237.894737, 129
TRD, 4242.052632, 127
TRD, 4242.210526, 121
TRD, 4249.368421, 117
TRD, 4255.789474, 117
TRD, 4268.368421, 117
TRD, 4268.473684, 117
TRD, 4270.894737, 115
TRD, 4281.631579, 112
TRD, 4287.473684, 121
TRD, 4292.052632, 122
TRD, 4293.894737, 139
TRD, 4294.000000, 115
TRD, 4298.263158, 125
TRD, 4310.000000, 124
TRD, 4323.736842, 121
TRD, 4329.526316, 114
TRD, 4329.736842, 116
TRD, 4331.000000, 117
TRD, 4341.526316, 114
TRD, 4345.631579, 112
TRD, 4346.842105, 97
TRD, 4348.684211, 117
TRD, 4358.578947, 117
TRD, 4362.684211, 130
TRD, 4366.631579, 125
TRD, 4369.789474, 112
TRD, 4375.684211, 114
TRD, 4381.526316, 117
TRD, 4395.631579, 124
TRD, 4398.631579, 115
TRD, 4399.947368, 129
TRD, 4408.210526, 130
TRD, 4420.000000, 125
TRD, 4429.105263, 121
TRD, 4433.473684, 130
TRD, 4444.105263, 134
TRD, 4450.105263, 129
TRD, 4450.263158, 115
TRD, 4457.789474, 121
TRD, 4462.210526, 112
TRD, 4477.947368, 117
TRD, 4478.631579, 122
TRD, 4481.105263, 129
TRD, 4494.157895, 130
TRD, 4508.578947, 129
TRD, 4510.842105, 121
TRD, 4514.894737, 115
TRD, 4515.789474, 112
TRD, 4519.157895, 97
TRD, 4519.578947, 117
TRD, 4524.736842, 98
TRD, 4530.842105, 118
TRD, 4533.526316, 138
TRD, 4544.684211, 131
TRD, 4556.631579, 130
TRD, 4566.210526, 129
TRD, 4569.789474, 121
TRD, 4571.526316, 114
TRD, 4572.736842, 129
TRD, 4580.894737, 121
TRD, 4597.789474, 126
TRD, 4602.157895, 115
TRD, 4602.736842, 112
TRD, 4610.263158, 117
TRD, 4611.315789, 112
TRD, 4621.105263, 130
TRD, 4627.526316, 126
TRD, 4640.894737, 129
TRD, 4641.789474, 125
TRD, 4647.578947, 127
TRD, 4647.947368, 121
TRD, 4659.315789, 139
TRD, 4661.736842, 115
TRD, 4662.684211, 99
TRD, 4670.578947, 129
TRD, 4673.000000, 126
TRD, 4692.736842, 121
TRD, 4695.368421, 122
TRD, 4700.736842, 121
TRD, 4715.052632, 129
TRD, 4717.210526, 128
TRD, 4721.263158, 114
TRD, 4725.684211, 132
TRD, 4736.684211, 123
TRD, 4737.894737, 114
TRD, 4745.947368, 121
TRD, 4753.789474, 129
TRD, 4760.526316, 121
TRD, 4766.526316, 117
TRD, 4766.842105, 115
TRD, 4775.421053, 110
TRD, 4784.947368, 114
TRD, 4785.894737, 117
TRD, 4796.368421, 115
TRD, 4796.578947, 117
TRD, 4806.578947, 129
TRD, 4810.736842, 124
TRD, 4830.052632, 122
TRD, 4834.473684, 121
TRD, 4840.894737, 123
TRD, 4842.368421, 115
TRD, 4844.631579, 123
TRD, 4845.736842, 112
TRD, 4854.421053, 121
TRD, 4859.421053, 114
TRD, 4869.368421, 117
TRD, 4876.894737, 129
TRD, 4881.894737, 130
TRD, 4882.736842, 128
TRD, 4888.473684, 121
TRD, 4898.263158, 115
TRD, 4899.736842, 125
TRD, 4903.578947, 120
TRD, 4904.947368, 116
TRD, 4911.842105, 115
TRD, 4912.684211, 129
TRD, 4930.684211, 121
TRD, 4940.526316, 121
TRD, 4946.631579, 121
TRD, 4946.894737, 115
TRD, 4951.157895, 125
TRD, 4955.052632, 112
TRD, 4963.105263, 142
TRD, 4964.263158, 97
TRD, 4967.000000, 107
TRD, 4974.947368, 122
TRD, 4980.368421, 129
TRD, 4988.789474, 139
TRD, 5002.789474, 115
TRD, 5006.421053, 112
TRD, 5017.842105, 129
TRD, 5020.263158, 122
TRD, 5027.105263, 124
TRD, 5029.421053, 126
TRD, 5042.526316, 123
TRD, 5052.736842, 129
TRD, 5060.368421, 125
TRD, 5072.315789, 121
TRD, 5075.157895, 115
TRD, 5076.526316, 112
TRD, 5086.210526, 129
TRD, 5089.473684, 135
TRD, 5094.526316, 133
TRD, 5095.684211, 129
TRD, 5101.210526, 136
TRD, 5111.631579, 122
TRD, 5128.736842, 121
TRD, 5130.631579, 115
TRD, 5130.842105, 119
TRD, 5141.684211, 121
TRD, 5141.894737, 112
TRD, 5143.842105, 139
TRD, 5151.421053, 115
TRD, 5155.736842, 116
TRD, 5165.263158, 107
TRD, 5166.526316, 117
TRD, 5173.789474, 121
TRD, 5177.894737, 121
TRD, 5192.368421, 115
TRD, 5196.368421, 112
TRD, 5196.684211, 130
TRD, 5204.526316, 129
TRD, 5211.631579, 139
TRD, 5214.631579, 127
TRD, 5231.421053, 129
TRD, 5234.894737, 121
TRD, 5240.473684, 129
TRD, 5246.894737, 115
TRD, 5259.421053, 125
TRD, 5262.473684, 123
TRD, 5265.684211, 121
TRD, 5267.210526, 112
TRD, 5275.368421, 115
TRD, 5287.368421, 121
TRD, 5292.000000, 121
TRD, 5297.684211, 129
TRD, 5305.736842, 127
TRD, 5310.842105, 129
TRD, 5315.157895, 121
TRD, 5327.263158, 127
TRD, 5328.105263, 115
TRD, 5339.157895, 115
TRD, 5351.631579, 112
TRD, 5352.105263, 117
TRD, 5352.421053, 117
TRD, 5352.526316, 139
TRD, 5355.157895, 122
TRD, 5358.315789, 125
TRD, 5369.789474, 115
TRD, 5376.000000, 117
TRD, 5387.421053, 129
TRD, 5399.894737, 130
TRD, 5401.210526, 121
TRD, 5402.157895, 139
TRD, 5405.842105, 115
TRD, 5412.789474, 130
TRD, 5416.473684, 115
TRD, 5422.842105, 121
TRD, 5424.842105, 117
TRD, 5429.105263, 117
TRD, 5436.052632, 117
TRD, 5451.157895, 112
TRD, 5455.789474, 117
TRD, 5458.105263, 115
TRD, 5465.736842, 123
TRD, 5470.368421, 136
TRD, 5476.789474, 121
TRD, 5477.421053, 112
TRD, 5485.473684, 97
TRD, 5487.210526, 109
TRD, 5494.789474, 121
TRD, 5499.894737, 139
TRD, 5511.052632, 129
TRD, 5519.894737, 112
TRD, 5532.157895, 126
TRD, 5533.052632, 127
TRD, 5536.842105, 122
TRD, 5543.736842, 129
TRD, 5549.105263, 121
TRD, 5561.421053, 115
TRD, 5562.894737, 117
TRD, 5566.315789, 112
TRD, 5569.473684, 116
TRD, 5578.578947, 129
TRD, 5587.263158, 129
TRD, 5592.631579, 115
TRD, 5607.105263, 115
TRD, 5607.736842, 112
TRD, 5613.947368, 116
TRD, 5622.789474, 129
TRD, 5625.894737, 121
TRD, 5631.631579, 128
TRD, 5642.578947, 122
TRD, 5649.473684, 129
TRD, 5652.421053, 115
TRD, 5657.052632, 125
TRD, 5667.315789, 123
TRD, 5674.736842, 129
TRD, 5675.684211, 112
TRD, 5682.684211, 122
TRD, 5687.631579, 123
TRD, 5695.421053, 129
TRD, 5698.421053, 115
TRD, 5705.421053, 124
TRD, 5711.631579, 122
TRD, 5718.842105, 138
TRD, 5726.894737, 132
TRD, 5739.947368, 124
TRD, 5742.210526, 121
TRD, 5742.684211, 115
TRD, 5748.210526, 107
TRD, 5760.789474, 121
TRD, 5764.315789, 121
TRD, 5771.421053, 118
TRD, 5779.421053, 114
TRD, 5787.052632, 117
TRD, 5792.368421, 115
TRD, 5809.947368, 124
TRD, 5810.315789, 121
TRD, 5813.526316, 112
TRD, 5828.578947, 115
TRD, 5832.789474, 110
TRD, 5833.263158, 97
TRD, 5835.315789, 117
TRD, 5844.842105, 137
TRD, 5853.368421, 121
TRD, 5861.473684, 123
TRD, 5865.157895, 121
TRD, 5870.789474, 119
TRD, 5873.105263, 115
TRD, 5881.157895, 112
TRD, 5886.631579, 90
TRD, 5894.684211, 107
TRD, 5903.421053, 117
TRD, 5912.684211, 113
TRD, 5917.368421, 121
TRD, 5924.052632, 122
TRD, 5931.842105, 129
TRD, 5933.315789, 128
TRD, 5949.473684, 121
TRD, 5950.105263, 122
TRD, 5953.315789, 122
TRD, 5956.105263, 122
TRD, 5957.842105, 112
TRD, 5957.894737, 97
TRD, 5963.473684, 120
TRD, 5983.157895, 114
TRD, 5985.315789, 117
